1975 3550
245 221 291 276 216
372 199 779 269 ARTISAMATORIAE
823 256 829 268 ⁸

213 289 321 345 Vatibus
339 284 432 336 Aoniis
448 278 537 330 faciles
552 274 634 326 estote
652 311 658 326 ,
676 270 776 332 puellae·

247 360 351 407 Numen
368 347 431 400 inest
447 345 500 398 illie
516 360 526 404 3
542 339 705 401 Pieridesque
721 336 829 386 favent.

216 420 257 477 Esl
273 424 342 473 Deus
356 416 387 466 *in
405 413 482 464 nobis
499 429 508 470 3
526 412 550 461 δι
567 408 625 458 sunt
643 399 799 457 commercia
816 395 894 450 celi.

246 486 353 541 sedibus
367 479 479 532 aetheriis
496 472 603 537 spiritus
619 471 662 522 ille
677 469 763 520 venit.

172 590 175 595 -
218 559 243 608 Α
259 551 342 604 ἀοᾶἰς
356 547 469 610 pretium
485 542 563 594 scelus
579 537 614 589 cll
631 537 730 599 sperare
746 531 852 594 poetis.

250 624 295 672 Me
313 614 459 667 miserum!
476 609 555 662 scelus
573 607 625 655 boc
640 601 710 652 nulla
729 599 814 662 puella
833 596 928 648 timet·
966 615 969 620 ·

217 683 362 740 Dillimulat
378 690 464 731 tamen
481 695 491 738 ·‚
511 690 558 725 nec
575 671 655 734 prima
674 667 765 719 fronte
782 678 895 728 rapaces

251 750 317 804 Este.
334 761 420 798 novus
436 743 496 793 viso
514 738 581 792 caffe
597 733 693 788 resistet
709 746 807 784 amane.

218 821 269 872 sed
289 828 371 879 neque
387 804 633 873 veslorequum.qui
641 816 721 864 nuper
730 796 807 849 sensit
816 796 944 861 habenas,

252 880 426 942 Comparibus
441 876 534 927 frenis
546 911 554 937 ‚
568 868 744 931 artificemque
761 875 847 927 reget.

220 956 278 1005 Nec
294 946 395 996 stabiles
410 944 484 995 annis
500 936 773 998 animot‚viridemquc
791 929 931 994 juventam

255 1020 292 1067 Ut
309 1014 392 1074 cupias
413 1009 506 1067 ‚idem
520 1006 592 1056 limes
610 1004 720 1066 agendus
738 997 802 1048 erit.

219 1081 275 1136 Hic
290 1078 360 1129 rudis
374 1116 381 1139 ,
396 1072 513 1126 &castris
529 1071 715 1131 nuncprinum
728 1076 808 1116 notus
822 1059 941 1122 Amoris,

254 1144 306 1209 Qti
322 1140 411 1207 tetigit
430 1141 558 1191 thalamos
573 1138 658 1198 pracda
675 1130 782 1184 novella
799 1143 866 1181 tuor
884 1146 895 1190 3

223 1219 262 1277 τε
280 1210 361 1264 solam
378 1207 451 1261 norit
469 1206 544 1268 3t1bi
564 1205 660 1265 semper
676 1202 800 1251 inherear
817 1196 883 1247 uni·

259 1278 395 1342 Cingenda
412 1272 446 1326 est
464 1273 523 1323 altis
540 1269 640 1334 sepibus
655 1266 698 1319 isla
717 1266 785 1330 seges
802 1277 811 1312 t

224 1345 315 1409 Effuge
331 1342 438 1394 rivalem
456 1356 466 1389 .·
483 1342 573 1390 vinces
591 1377 599 1401 ‚
616 1341 676 1388 dum
693 1334 746 1385 sola
763 1327 876 1380 tenebis·
970 1383 971 1388 ¹

257 1416 321 1463 Non
339 1410 404 1459 benc
420 1422 477 1457 cum
494 1407 571 1456 sociis
587 1399 809 1468 reganenusque
826 1403 943 1446 nranenr·

225 1478 275 1534 llle
290 1486 366 1526 vetus
382 1474 453 1525 miles
469 1472 562 1523 sensim
579 1476 602 1523 bt
620 1471 745 1533 sapienter
759 1462 884 1516 amsbitr

258 1541 393 1606 Multaque
412 1540 499 1591 tironi
516 1552 569 1588 non
588 1537 711 1602 petienda
729 1534 807 1584 feret.

227 1613 285 1663 blec
303 1607 406 1673 franget
422 1603 517 1669 polles,
533 1619 581 1656 nec
599 1603 672 1654 sarvie
687 1599 789 1665 ignibus
805 1605 881 1657 urett

229 1700 230 1703 ¹
259 1680 315 1729 Nec
331 1674 444 1724 domine
462 1682 562 1722 teneras
578 1679 680 1733 appetet
696 1679 779 1728 unane
794 1677 885 1728 genas.

227 1747 285 1798 Nec
302 1740 401 1794 scindet
415 1738 553 1790 tunicasve
568 1737 624 1790 surs
639 1733 771 1787 tunicasve
787 1729 904 1794 puellzt

261 1815 318 1861 Nec
336 1817 421 1869 raptus
438 1805 519 1855 flendi
536 1804 608 1856 causa
627 1802 732 1865 capillus
748 1798 810 1849 erit.

229 1875 281 1929 rua
297 1878 388 1925 decent
404 1887 499 1934 pueros
515 1883 592 1922 aetate
606 1871 631 1922 br
647 1882 736 1919 amore
752 1865 866 1916 celeraret
884 1877 896 1911 e

261 1940 316 1993 Hic
331 1939 388 1990 serr
403 1937 546 1999 composita
562 1937 671 1987 vulnera
686 1943 775 1985 mente
788 1928 869 1980 feret.

228 2005 338 2072 Ignibus
353 2003 396 2053 hic
411 2003 488 2054 lentis
505 2015 593 2053 uretur
611 2037 619 2063 ,
635 2010 665 2052 ut
682 2000 787 2051 humida
802 1997 871 2047 taeda
887 2008 898 2057 ς

264 2076 300 2125 Ut
317 2071 399 2121 morlo
417 2067 550 2117 montanis
570 2066 634 2118 silva
651 2066 729 2121 recisa
744 2064 819 2128 iugis·

232 2137 342 2193 Certior
356 2134 401 2186 hic
417 2147 492 2187 arnor
508 2131 562 2184 est:
588 2132 675 2184 brevis
692 2136 716 2184 sa
732 2129 881 2182 secundior
899 2124 945 2178 ille.

265 2211 328 2270 Qut
341 2201 447 2268 fugiunt
465 2218 477 2260 ;
494 2199 574 2253 celeri
592 2200 688 2261 carpite
704 2213 781 2261 poma
796 2210 889 2247 manu.

232 2271 331 2328 onmia
349 2271 493 2321 tradantur·
513 2278 600 2331 portas
617 2265 784 2316 reseravimus
800 2260 872 2313 nosti
889 2277 902 2322 ‚·

265 2346 297 2394 tt
314 2337 345 2387 sit
365 2338 390 2386 in
409 2334 489 2387 infida
506 2334 660 2396 proditione
677 2330 753 2381 fides.

137 2435 140 2443 ·
234 2407 313 2471 Quod
328 2404 444 2455 daturex
459 2401 528 2452 facili
537 2400 643 2466 longum
657 2395 813 2448 malenutrit
827 2403 947 2446 amorem·

267 2468 400 2522 Miscenda
417 2465 452 2517 est
473 2468 538 2517 lactis
557 2481 614 2518 rara
630 2464 727 2527 repulsa
743 2461 821 2523 jocis.

235 2543 306 2594 Ante
323 2532 395 2584 sores
411 2531 492 2594 iaceat
511 2550 521 2580 .·
539 2531 658 2583 Crudelis
674 2526 747 2595 janue
765 2565 772 2589 ,
790 2526 915 2578 clamet:

183 2624 186 2627 “
270 2599 405 2664 Multaque
420 2597 541 2649 submisse
558 2634 567 2660 ‚
582 2597 664 2649 multe
680 2597 810 2648 minanter
827 2603 898 2658 rget.

236 2668 333 2720 Dulcia
350 2680 404 2717 non
425 2663 549 2716 serimus:
565 2664 642 2716 succe
649 2676 806 2716 renovemur
820 2671 922 2713 amaro.

269 2739 340 2798 Saepe
354 2732 421 2797 perit
435 2732 524 2783 ventis
538 2730 634 2784 obrute
649 2731 740 2795 cymba
755 2727 813 2780 suis.

238 2804 301 2854 noc
314 2798 350 2851 est
367 2839 375 2862 ,
388 2813 487 2850 uxorea
499 2799 569 2862 quod
585 2811 641 2848 non
653 2797 768 2858 patietur
786 2793 888 2844 umeri.-

269 2865 446 2921 conveniunt
460 2865 515 2915 illas
532 2897 539 2918 2
556 2878 612 2914 cum
628 2863 736 2912 volucre
753 2859 840 2917 ,viri

237 2932 315 2983 Obde
329 2931 412 2983 forem
420 2949 432 2990 ;
446 2933 469 2981 bt
483 2934 551 2980 duro
565 2930 634 2980 dicat
650 2927 699 2978 tibi
715 2926 816 2985 janitor
830 2938 888 2985 ore,

273 3000 338 3070 Νρη
352 3006 436 3056 potes.
449 2995 580 3047 exclusum
591 3001 619 3044 te
631 3007 737 3058 quoque
749 3002 840 3054 tanget
854 3001 935 3041 arnor·

239 3064 336 3115 ronne
348 3059 399 3128 jam
413 3061 516 3128 gladius
528 3059 633 3113 hebetet
646 3096 655 3125 ,
667 3067 796 3124 pugnetur
808 3055 900 3108 acutis.

867 3124 921 3173 Nec
