1975 3550
246 205 268 255 L
300 206 314 253 1
346 205 367 255 Β
398 203 417 252 E
449 202 473 250 R
508 203 548 251 11·
677 209 724 260 193

79 259 205 331 Plenaque
220 281 351 329 oirrpureo
368 265 489 317 subrubet
505 279 558 316 uva
575 276 647 316 mero
665 280 674 325 ;
708 261 758 329 (stu

32 368 33 376 κ
54 337 117 388 cum
130 333 359 397 motlosrigoribua
365 330 488 395 premitur
497 333 594 395 ‚modo
603 331 715 382 solvitur
725 345 760 382 x·

84 402 151 450 Aere
169 413 223 450 non
233 411 315 464 ,certo
334 413 446 462 corpora
461 399 571 463 languor
586 396 674 447 habet.

32 501 33 534 q
53 462 99 514 Illa
114 464 217 529 quidem
232 466 334 517 valente
351 466 393 516 sed
410 464 429 515 ti
447 463 512 514 male
528 462 602 515 titana
618 460 745 530 cubabit,

81 534 110 581 Et
125 531 221 581 vitium
239 532 292 581 catii
310 531 415 582 senserit
430 545 498 595 egra
513 529 551 579 sui
570 549 584 590 ;

32 637 33 642 ,
52 598 123 646 Tunc
139 611 213 647 annor
230 599 253 649 bt
269 597 350 660 pietas
366 610 410 648 tua
426 596 458 647 sat
474 594 606 647 manifesta
622 594 711 657 puellae
730 609 744 641 .-

77 668 150 713 Tunc
168 662 234 725 sete,
251 666 322 726 quoti
337 664 412 727 plena
429 661 570 726 postmodo
589 661 654 713 salte
669 669 762 713 metus·

52 729 104 786 Nec
120 728 168 778 tibi
186 729 281 778 morofi
299 730 406 781 veniant
423 729 525 780 fastidia
542 728 628 779 morbi
645 745 655 788 3

80 795 175 858 Perque
191 807 246 846 tuas
265 794 330 847 fiant
348 833 356 858 ,
374 795 514 860 quatinet
531 795 584 858 ipsa
603 834 611 858 ‚
627 807 728 845 manus·

51 864 80 916 Et
95 861 180 913 videat
198 862 309 912 flentem
325 878 336 919 ;
351 877 398 913 nec
412 867 504 913 taedeat
522 860 612 914 oscula
628 859 695 912 ferre
710 876 722 921 3

79 931 108 976 Et
126 926 192 977 sicco
211 928 338 993 lacrymas
355 928 486 980 combibat
503 943 551 979 ore
564 940 630 979 tuas·

52 992 222 1056 Multavove3
234 992 249 1044 s
249 999 280 1045 ed
288 994 376 1046 cunita
381 996 479 1058 palam:
492 994 647 1060 quotiesque
656 992 767 1067 libebit,³

80 1064 138 1121 Quae
155 1060 251 1112 referas
271 1060 310 1111 illi
330 1098 338 1122 ‚
355 1061 456 1112 somnia
473 1061 620 1112 lattasvide.

51 1128 80 1178 Et
95 1125 259 1194 veniat,quae
274 1125 364 1192 *lustret
379 1142 441 1177 anus
456 1128 600 1190 lectumque
613 1128 760 1191 iocumque,

82 1193 199 1244 Praeferat
216 1197 240 1245 bt
258 1194 367 1244 tremula
383 1192 488 1253 sutphur
504 1197 528 1241 bt
544 1207 597 1241 ova
613 1207 700 1242 manu.

52 1254 177 1309 Omnibus
192 1259 233 1310 bis
250 1257 354 1308 inerunt
371 1269 447 1321 gratae
464 1254 572 1318 vestigia
589 1271 682 1308 curat.-

81 1327 112 1372 In
128 1323 226 1375 tabulae
245 1323 401 1374 multisbaee
420 1323 465 1374 via
481 1321 542 1373 fecit
558 1322 617 1373 iter·

53 1389 92 1437 Ne
107 1400 191 1442 tamen
209 1388 302 1441 officiis
315 1389 408 1440 odium
427 1400 554 1451 quaeratur
570 1388 601 1438 ab
617 1404 707 1454 aetat

82 1454 118 1504 ait
134 1456 191 1507 suus
210 1458 237 1506 in
255 1456 349 1508 blanda
361 1454 495 1506 sedulitate
513 1458 615 1508 mutius.

53 1521 125 1572 neve
141 1521 202 1572 cibo
221 1520 331 1583 prohibe
349 1558 357 1582 ‚
375 1536 423 1571 nec
440 1521 519 1572 amari
540 1521 633 1582 pocula
649 1517 715 1575 succi

74 1588 188 1652 -s’nrrige
205 1603 213 1638 t
234 1586 326 1637 rivalis
343 1586 446 1637 misceat
462 1586 506 1637 illa
521 1595 589 1636 tuus.
631 1594 634 1600 '

54 1654 98 1712 s'ed
115 1668 171 1703 non
192 1688 201 1714 ,
218 1653 259 1702 tui
272 1652 371 1703 dedetis
389 1650 404 1701 a
421 1651 504 1703 litore
522 1652 622 1703 carbasa
638 1690 647 1716 ‚
661 1665 745 1708 vento

80 1720 214 1774 Utendum
232 1754 241 1781 ‚
258 1717 344 1769 medio
363 1733 421 1770 tum
436 1719 540 1783 potiere
551 1718 630 1770 freto.

52 1785 119 1836 Dum
136 1799 224 1836 nevus
239 1782 308 1837 erra't
323 1800 397 1836 amor
414 1824 421 1848 ,
438 1787 510 1839 vires
525 1785 573 1836 fibi
587 1785 692 1851 colligat
705 1787 760 1843 usu:

80 1851 106 1901 si
128 1851 193 1903 bene
209 1850 332 1903 nutrieris
350 1863 468 1915 tempore
487 1891 495 1910 ,
513 1852 600 1904 firmus
615 1855 675 1904 erit.

52 1920 132 1980 Quem
148 1928 251 1969 taurum
266 1918 358 1970 metuis
377 1920 513 1981 ‚vitulum
529 1921 638 1971 mulcere
650 1920 762 1976 solebas:

81 1984 133 2034 Sub
149 1999 198 2049 qua
215 1999 283 2035 utine
299 1984 404 2037 recubas
420 1986 536 2050 arbore,
551 1986 626 2051 virga
645 1986 707 2040 fuit.

53 2050 172 2100 Nascitur
189 2049 297 2114 exiguus
313 2086 321 2113 ,
339 2051 382 2101 sed
398 2067 459 2114 opes
475 2053 586 2116 acquirit
601 2056 687 2105 eundo
707 2073 717 2118 ς

82 2121 189 2180 Quaque
205 2116 278 2166 venit
298 2153 306 2176 ‚
325 2117 416 2166 inultas
431 2119 527 2178 accipit
544 2119 625 2168 amnis
639 2134 727 2181 aquas.

52 2184 99 2236 Fac
114 2183 164 2232 tibi
181 2179 331 2232 consuescat
349 2198 359 2227 .·
376 2181 414 2230 nil
432 2183 620 2233 consuetudine
636 2182 726 2243 rnaius·

83 2254 165 2311 Quam
181 2258 210 2298 tu
227 2250 289 2298 dum
306 2256 389 2309 captas
406 2283 415 2307 ‚
431 2249 508 2298 tedia
525 2248 597 2298 nulla
613 2246 682 2312 fuge.

53 2316 89 2368 Te
105 2314 204 2377 semper
220 2313 309 2363 videat
326 2329 337 2359 .-
357 2312 406 2363 tibi
424 2313 520 2376 semper
536 2313 648 2375 ptaebeat
664 2330 766 2371 autema

79 2380 228 2431 Exhibetnt
243 2379 330 2431 vultus
346 2393 452 2444 noxque
470 2378 575 2442 diesque
590 2393 661 2431 tuos.

55 2446 121 2496 Cum
138 2446 188 2497 tibi
206 2443 293 2507 maior
312 2445 362 2496 erit
381 2444 474 2498 fiducia
492 2484 500 2510 ‚
517 2444 590 2508 posse
605 2446 726 2510 requiri3

83 2518 152 2565 Tum
168 2512 261 2574 procul
279 2550 287 2574 ‚
303 2511 403 2564 absenti
422 2526 482 2565 cura
500 2511 601 2563 futurus
620 2551 630 2575 ‚
646 2513 699 2563 abi.

32 2614 33 2619 η
52 2580 90 2628 Da
106 2579 232 2641 requiem.
247 2576 378 2638 requietus
393 2594 453 2641 ager
469 2580 534 2628 bene
554 2579 649 2628 credita
666 2578 764 2636 reddite

81 2650 215 2706 Terraque
232 2638 335 2690 eziestts
351 2641 425 2692 arida
441 2642 528 2693 sorbet
545 2656 629 2703 aquas.

53 2708 174 2774 Phyllida
189 2707 367 2782 Demopbqon
384 2708 491 2769 praesens
509 2710 665 2761 moderatius
683 2705 764 2764 ussit:
860 2779 863 2791 ‚

82 2773 185 2828 Exarsit
201 2771 267 2823 velis
284 2787 366 2823 aerius
383 2773 428 2824 iila
445 2774 521 2825 datis.

53 2839 223 2906 {Penelopen
240 2837 330 2890 absens
348 2838 425 2891 solers
443 2841 583 2905 torquebat
599 2840 729 2906 utynes:

83 2904 247 2971 Phyllacides
263 2904 349 2956 aberat
367 2942 375 2966 ,
392 2908 532 2959 Laodamia
549 2946 557 2971 ‚
575 2919 641 2958 tuus·
659 2909 667 2971 )

52 2973 102 3025 Sed
120 2986 198 3023 mora
213 2983 268 3023 tuta
285 2970 390 3023 brevis.-
405 2973 550 3025 lentescunt
566 2985 766 3040 temporeeutae3

84 3036 260 3107 Vanescitque
271 3038 371 3107 absent,
385 3041 409 3097 bt
423 3054 511 3100 novus
525 3040 605 3094 intrat
622 3078 630 3109 ‚
645 3056 729 3167 uigor.

512 3111 526 3164 Ι
691 3119 735 3158 um
