1975 3550
189 215 469 268 rnaben
520 218 565 268 11.
679 230 723 280 197

57 280 88 332 In
106 275 183 331 furias
200 276 332 345 agitantur
348 292 439 345 cquae,
456 281 590 346 spatioque
610 296 711 333 remota

89 353 133 400 l'cr
150 346 207 397 loca
225 348 350 398 dividuos
366 361 444 399 amne
460 346 601 411 sequuntur
617 363 708 412 equos.
792 375 795 380 r

60 410 124 475 Ergo
139 429 202 477 age,
219 414 328 465 &iratae
345 414 513 466 medicamina
529 413 612 466 sortia
630 414 732 477 prabet

87 478 135 529 llla
153 480 201 530 seri
218 481 333 543 requiem
349 481 402 532 sola
417 480 519 533 doloris
535 482 642 531 habeut.
808 478 810 482 '

59 542 105 594 llla
122 547 292 598 Machaonios
305 547 423 611 superant
439 547 609 599 medicamina
624 547 734 598 succos.-

87 612 150 673 Hir,
167 611 211 664 ubi
229 615 354 675 peccoris,
373 612 542 665 restituendus
557 615 618 665 cris.

59 678 118 726 Haec
130 694 179 741 ego
192 694 248 730 cum
256 694 390 740 canerem,
406 680 494 731 subito
509 677 763 746 manifestusApollo
827 689 830 696 ’

90 746 178 795 Movit
197 746 319 799 incurate
336 746 432 809 pollice
448 745 492 797 fila
507 748 582 811 lyrae.

59 811 219 864 luminibus
236 813 338 864 laurus:
355 812 432 864 sactis
447 813 553 865 inducta
571 813 669 877 capillis

87 880 182 929 Laurus
197 892 275 930 erat.-
294 889 367 930 vates
383 879 426 931 ille
442 880 573 932 videndun
588 882 651 947 agit.

58 939 84 993 Is
99 942 178 1009 mihi,
196 946 300 999 Lascivi
314 982 321 1004 ,
337 945 423 1007 dixit,
441 959 585 1010 praeceptor
611 945 734 1014 Amoris,

85 1010 157 1073 Duc,
177 1025 239 1077 age,
255 1011 395 1073 discipulos
411 1015 442 1064 ad
458 1029 514 1067 mea
529 1014 623 1077 temple
639 1026 709 1070 tuos·

58 1066 96 1127 Est
109 1076 148 1152 ibi
165 1078 297 1130 diversum
312 1078 379 1131 fama
395 1079 521 1134 celebrata
535 1096 582 1145 pet
599 1081 691 1131 orbem

87 1144 172 1194 Latera
179 1161 191 1204 ,·
207 1145 332 1210 cognosci
349 1153 403 1207 que
418 1145 465 1195 sibi
482 1161 607 1211 quemque
630 1146 711 1207 iubet·

59 1207 171 1270 Qtfibi
189 1224 270 1263 notus
288 1209 355 1272 erit,
373 1211 699 1274 soluasapicnteiamabi13

89 1282 172 1338 Atque
188 1293 254 1341 opus
272 1277 303 1325 ad
319 1276 492 1341 vires'exiget
510 1290 589 1327 omne
606 1275 670 1326 suas.

60 1340 107 1392 Cui
125 1341 215 1394 faciem
232 1353 323 1393 natura
339 1342 436 1405 dedit,
456 1342 586 1406 specietur
602 1341 634 1392 ab
657 1341 717 1394 illa:

90 1407 139 1458 Cui
155 1410 230 1460 color
246 1406 298 1469 est,
315 1410 425 1459 humeto
443 1408 507 1473 saepe
522 1418 626 1472 patente
648 1408 735 1460 cubet·

60 1473 108 1538 Qui
126 1473 244 1527 sermone
258 1473 356 1537 placet,
373 1474 504 1527 taciturna
521 1475 623 1526 silentia
646 1489 765 1539 rumpat.-

90 1540 141 1602 qui
161 1542 230 1595 canit
245 1554 318 1601 arte,
336 1551 425 1592 count:
445 1542 487 1605 qui
506 1540 573 1591 bibit
590 1551 647 1592 artc
661 1579 670 1603 ,
685 1542 766 1594 bibat.

58 1604 105 1656 Sed
120 1620 202 1672 neque
219 1604 363 1658 declament
380 1608 466 1657 medio
483 1606 602 1660 sermone
617 1607 729 1661 diserti:

53 1715 58 1722 .
89 1676 146 1723 Nee
163 1672 207 1723 sut
224 1671 331 1723 vesanus
352 1673 445 1733 scripta
461 1684 540 1735 pocta
555 1673 631 1737 legat.

57 1735 99 1792 sic
114 1738 219 1790 monuit
236 1739 364 1791 Pboebus:
384 1740 485 1796 Pboebo
502 1751 589 1804 parete
607 1738 737 1794 monenti.

88 1807 168 1860 Getta
185 1804 239 1859 Dei
252 1804 324 1857 sacro
340 1805 374 1858 est
389 1806 465 1867 hujus
482 1808 510 1858 in
529 1822 576 1858 ore
598 1805 672 1858 fides·

58 1873 99 1927 Ad
116 1873 257 1936 propriore
273 1888 367 1924 vocor.
385 1874 500 1941 quisquis
518 1873 646 1937 sapienter
662 1872 770 1936 amabit,

89 1939 198 2002 Vincet3
211 1943 237 1994 da
252 1941 267 1989 ὲ
284 1940 388 2002 nostra,
406 1945 474 2005 quod
492 1952 564 2005 petet
581 1979 590 2006 ,
605 1951 661 1991 arte
676 1939 753 1991 feret.

61 2003 169 2058 Credita
187 2022 235 2059 nec
253 2007 351 2070 semper
367 2009 430 2060 sulci
447 2023 505 2061 cum
519 2006 624 2060 soenote
641 2009 768 2059 reddunt:

75 2076 148 2136 ,Nee
164 2073 261 2136 semper
277 2074 366 2125 dubias
382 2074 567 2136 adiuvatauta
586 2085 661 2124 rates.

60 2142 135 2205 Quod
143 2137 228 2202 iuvat,
235 2140 365 2205 exiguum,
372 2142 427 2203 plus
434 2140 469 2191 est
478 2180 485 2201 ,
495 2143 566 2203 quod
573 2140 641 2190 laedit
648 2149 771 2190 amantes.

91 2211 245 2268 Proponant
262 2207 350 2257 animo
366 2208 447 2258 multa
465 2206 570 2257 serenda
590 2206 648 2254 suo.
694 2202 768 2266 qblaq

48 2275 131 2335 'Quot
139 2272 273 2334 lcporeain
283 2275 373 2335 Atlio,
393 2284 456 2337 quot
464 2288 522 2334 apes
530 2271 667 2333 pascuntur
679 2270 772 2332 inHy·

91 2342 191 2390 Caerula
207 2353 272 2403 quot
289 2340 377 2390 baccas
394 2340 512 2393 Pallados
528 2337 605 2389 arbor
621 2336 699 2387 habet
715 2352 723 2394 ;

61 2403 153 2458 Litore
167 2418 232 2471 quot
248 2407 353 2458 conchae
362 2423 374 2464 3
391 2417 433 2457 tot
441 2405 535 2457 suntin
544 2404 747 2455 amoredolures
763 2421 772 2460 ·,

90 2478 152 2534 Quat
173 2474 300 2536 patimur,
316 2473 400 2524 multo
419 2473 516 2536 spicula
532 2472 591 2524 selle
605 2472 718 2520 nudent.
756 2512 761 2523 ,

61 2536 137 2588 Dicin
152 2540 202 2589 erit
215 2540 357 2602 iffesoras,
376 2554 450 2603 quam
460 2535 608 2591 tusortasse
622 2536 741 2586 videbis:

93 2603 145 2657 Isse
164 2603 250 2665 foras,
267 2609 289 2656 dr
309 2617 335 2658 te
352 2605 418 2657 falsa
434 2608 546 2667 videre,
564 2613 642 2664 puta·

63 2667 155 2720 Clausa
173 2670 221 2720 tibi
238 2671 318 2722 fuerit
333 2672 456 2734 promissa
473 2670 551 2732 janua
569 2667 661 2719 notio:

93 2734 196 2800 Perfer,
212 2738 236 2788 dr
252 2737 384 2788 immunda
400 2751 495 2800 ponere
512 2749 603 2797 corpus
619 2735 709 2790 humo·

27 2850 28 2855 ,
62 2801 178 2855 forsitan
197 2807 221 2856 dt
237 2803 314 2854 vultu
330 2809 442 2855 mendax
458 2803 552 2854 ancilla
567 2800 677 2863 superbo

73 2918 77 2925 ,
94 2869 191 2931 Dicet,
208 2870 276 2934 Quid
294 2869 392 2922 nostras
411 2869 512 2922 obsidet
530 2867 576 2919 iste
592 2867 680 2918 sores?

64 2930 178 2987 Postibus
193 2940 219 2989 dr
235 2941 305 2988 durat
322 2937 428 3001 supplex
445 2938 562 2988 blandire
578 2932 684 2997 puellae3

95 3005 126 3055 Et
143 3003 220 3064 capiti
235 3009 331 3056 deantes
349 3005 454 3055 infore
474 3019 545 3067 pone
563 3000 642 3050 rosen

64 3057 131 3121 cum
147 3070 243 3138 volet,
258 3072 360 3126 accedet
373 3087 393 3135 1,
407 3084 465 3125 cum
480 3068 635 3135 recitabit,
652 3068 745 3189 abu‘gio

519 3142 534 3192 1
565 3148 581 3202 3
713 3149 743 3188 e-
