1975 3550
248 175 282 241 ad
375 173 579 229 aurnuns
603 171 790 224 masao,

248 242 299 294 Sed
319 254 482 303 quacumque
501 235 585 301 potest
602 236 657 289 ulla
675 237 764 289 reldla
781 235 848 301 pati·

215 309 374 360 Occurrunt
389 306 477 356 animo
501 304 626 361 pereundi
646 305 718 354 mille
736 302 854 369 figurare
932 328 936 333 ·

252 372 376 435 Morsque
384 371 467 423 minus
475 384 649 434 poen2,quam
657 384 734 420 mora
741 370 847 423 mortis.
857 369 941 424 haber.

216 444 276 510 Jam
295 437 345 500 ianr
360 449 487 489 venturos
507 448 551 487 aut
567 437 639 499 liae,
664 445 712 487 aut
728 435 847 499 suspicor
861 437 941 501 illae,

251 513 302 569 Qui
319 505 418 556 lanient
434 504 515 553 avido
532 501 633 552 viscera
650 504 731 552 dente
748 540 757 564 ,
772 503 859 565 lupos·

216 571 335 629 turritan
352 573 375 621 dr
391 567 480 621 fuluos
499 568 573 619 tellus
590 568 639 617 alat
660 565 708 618 iiia
727 569 833 618 leones.

249 637 313 703 Qris
325 634 392 697 scit,
411 650 442 686 an
459 635 512 687 liaec
529 634 605 684 saevas
620 634 732 698 tigridas
750 634 833 684 insula
847 632 943 684 habet?

217 709 250 762 Er
264 706 331 759 freta
345 704 468 755 dicuntur
482 715 584 766 magnas
598 700 736 762 expellere
751 702 861 762 phocas.

249 772 317 835 Quid
334 779 406 821 vetat
421 771 443 820 dr
459 767 558 829 gladios
574 781 618 828 per
633 766 703 818 latus
719 767 759 817 ire
773 763 880 818 meum?

216 842 331 891 'rantum
345 850 376 886 ne
395 833 486 895 religer
500 837 563 883 dura
573 833 684 891 captiva
699 845 812 894 carena3

252 906 328 953 Neve
339 902 441 952 traham
457 899 531 950 serva
551 901 660 963 grandia
675 898 757 963 pensa
772 914 853 950 manu
870 914 880 946 .·

215 969 267 1022 Cui
283 978 356 1030 pater
370 963 405 1017 est
421 966 527 1026 Minos,
542 967 681 1017 tui-maret
695 965 752 1016 lilia
768 966 878 1020 l‘hoebi:

249 1037 378 1098 Quodque
394 1032 473 1095 magis
491 1030 595 1081 memini
614 1070 622 1093 ‚
644 1046 703 1097 qur.
729 1031 778 1081 tibi
797 1031 869 1093 pasta
889 1028 940 1081 fui.

218 1099 244 1151 Si
261 1115 353 1161 mare,
380 1096 398 1148 fi
413 1109 495 1148 terras
511 1137 518 1157 ,
537 1097 712 1162 porretirque
729 1098 829 1149 littora
843 1097 925 1158 vidi3

250 1168 334 1219 Multa
346 1164 410 1235 inihi
425 1176 494 1230 terre
511 1204 519 1225 ‚
535 1163 616 1214 multa
630 1166 769 1215 iniuntur
784 1179 869 1230 aque.

216 1234 310 1301 celum
323 1230 439 1284 restabat.
454 1230 536 1282 timeo
552 1229 682 1282 limulaera
697 1234 830 1282 Deorum.

246 1298 383 1353 Destituur
398 1297 494 1360 rapidis
510 1299 585 1363 preda
594 1296 719 1360 cibusque
736 1297 810 1348 feris.

215 1368 279 1423 Sive
294 1366 385 1418 colunt
396 1364 565 1427 habitantque
578 1362 631 1414 viri
647 1400 654 1425 ‚
671 1360 818 1413 diffidimus
832 1359 895 1413 illis·

249 1440 377 1488 Externos
392 1431 471 1481 didici
487 1431 538 1498 lesa
552 1428 641 1477 timere
660 1428 748 1477 viros.

216 1500 326 1552 Viveret
342 1498 495 1560 Androgeos
505 1494 608 1547 urinam
623 1511 633 1541 .-
648 1508 694 1544 nec
709 1493 779 1547 fasta
793 1491 885 1546 luisses

248 1568 331 1628 impia
344 1563 476 1614 funeribus
492 1601 499 1625 ,
517 1561 628 1625 Cecropi
641 1571 711 1611 rerra
730 1600 738 1624 ‚
760 1561 839 1611 ruis!

216 1636 273 1687 Nee
285 1643 330 1683 tua
343 1626 474 1680 madlafl'et
492 1627 598 1679 nodoso
622 1625 706 1690 stipite
724 1665 732 1687 ,
747 1626 869 1687 Theseu,

248 1703 334 1752 ardua
347 1707 419 1760 parre
433 1696 519 1746 virum
533 1697 638 1745 dextera
656 1732 661 1753 ,
676 1703 750 1754 parte
767 1693 887 1744 bovern!

215 1770 271 1822 Nee
284 1764 351 1827 tibi,
365 1778 413 1829 qut
420 1761 517 1816 reditus
530 1758 721 1821 monstrarent,
740 1757 786 1811 fila
800 1753 933 1816 dedissent,

247 1832 299 1889 Fila
316 1845 360 1895 per
374 1827 493 1881 addustas
508 1829 563 1895 sepe
577 1837 678 1889 recepta
692 1832 803 1878 manns!

215 1904 279 1953 Non
294 1897 413 1962 equidem
427 1895 527 1954 miror,
543 1893 561 1943 si
577 1891 623 1945 ilat
638 1890 868 1954 vistoriatecum,

246 1971 379 2028 Strataque
393 1965 514 2026 Cretpam
527 1960 609 2011 bellua
622 1958 704 2009 tinxit
717 1959 836 2010 humum·

214 2035 279 2084 Non
293 2040 413 2091 poterant
428 2024 471 2092 frgi
486 2025 622 2092 precordia
635 2024 719 2087 ferrea
734 2039 820 2076 cornu
838 2037 847 2074 a

246 2101 282 2151 Ut
298 2106 324 2148 te
339 2108 393 2146 non
408 2105 506 2156 tereres
525 2133 532 2154 ,
548 2092 652 2154 penore
665 2100 736 2141 tutus
750 2105 819 2142 eras·

213 2162 272 2216 lllic
288 2173 315 2215 tu
329 2160 428 2224 filices,
442 2162 498 2213 illie
517 2162 651 2211 adamanta
664 2154 761 2208 ruliili:

245 2229 306 2285 lllie
320 2229 362 2294 qui
381 2227 476 2280 salicem
491 2226 591 2279 Thesea
603 2225 692 2276 vineat
703 2223 792 2275 habes·
929 2268 933 2274 .

213 2297 340 2350 Crudeles
356 2295 439 2346 somni
457 2333 465 2355 ,
481 2295 542 2359 quid
556 2308 594 2344 me
611 2287 726 2344 renuistis
741 2283 886 2340 inertem!

246 2370 280 2417 At
296 2361 370 2413 semel
384 2372 474 2427 eterna
494 2359 570 2409 noue
589 2358 725 2419 premenda
740 2353 797 2406 fni.

211 2433 268 2482 Vos
282 2443 387 2491 quoque
402 2465 410 2486 ,
423 2425 536 2476 crudeles
550 2424 622 2473 venti
639 2462 646 2482 ,
662 2422 822 2483 nimiumque
830 2416 931 2482 param

243 2493 410 2557 Flaminaque
427 2492 453 2540 in
467 2488 592 2552 lacrymas
610 2486 726 2538 officiosa
745 2500 821 2536 meas.

210 2565 328 2617 Dextera
345 2556 455 2610 erudelis
471 2594 478 2617 ,
493 2571 543 2623 quq
556 2570 595 2606 nu·
611 2554 765 2617 fratremque
781 2551 910 2605 necavit.-

243 2635 274 2684 Et
288 2630 347 2679 data
363 2623 478 2689 poscenti
494 2636 589 2674 nomen
606 2620 684 2670 inane
702 2617 780 2673 fides.

210 2705 244 2752 ln
260 2710 299 2747 me
315 2693 433 2756 iurarunt
454 2690 560 2743 somnus
578 2686 723 2751 ventusque
739 2685 863 2753 fidesque·

243 2764 348 2819 Prodita
364 2761 419 2813 sum
433 2756 512 2811 caulis
524 2770 576 2811 una
591 2754 674 2819 puella
689 2754 783 2806 tribus.

211 2836 279 2895 Ergo
296 2844 345 2893 ego
362 2842 407 2877 nec
420 2826 544 2890 lacrymas
557 2821 646 2873 matris
663 2822 790 2873 moritura
805 2812 924 2869 videbor

241 2902 297 2948 Nee
313 2932 321 2956 ‚
337 2905 394 2944 mea
411 2893 454 2956 qui
471 2891 560 2956 digitis
576 2889 673 2940 lumina
690 2890 808 2948 condar,
830 2879 879 2934 erit
893 2877 909 2929 l

208 2962 317 3026 Spiritus
334 2958 427 3010 infelix
444 2957 587 3022 peregrinas
603 2954 653 3006 ibit
671 2953 698 3002 in
712 2965 802 3003 auras:

239 3034 295 3082 Nec
312 3026 413 3092 positos
424 3035 500 3078 artus
517 3034 595 3089 unpet
615 3018 695 3091 amica
710 3030 800 3069 manus
816 3018 881 3132 roff

878 3098 892 3135 a
