1975 3550
71 232 75 240 .
321 187 340 238 r
359 182 383 232 a
399 181 421 232 11
442 179 455 231 1
473 181 499 232 n
514 185 542 234 rs
724 199 758 247 29

61 243 132 302 uon
151 256 205 313 ego
219 246 302 299 miror
315 261 377 310 opes
393 283 401 308 ,
414 252 463 298 nce
475 262 517 298 me
530 259 576 299 tua
589 246 663 314 regia·
674 252 768 316 tangit,

93 319 158 367 Nee
172 318 205 366 de
219 325 263 366 tot
276 313 370 370 Priami
383 313 452 364 dicat
464 322 555 366 utuna
567 329 658 381 nurus,

61 382 132 435 Non
143 396 231 433 tameo
240 392 268 431 ur
276 381 524 447 PriamusNympbre
533 380 605 433 socer
611 380 664 434 effe
673 380 786 444 recusem

95 452 156 500 Am
171 448 287 501 Hecube
302 447 395 500 fuerim
408 444 585 498 diffrmuianda
598 463 688 500 nurus.

60 513 207 578 Dignaque
221 514 298 578 sum,
313 517 337 566 br
355 513 432 574 cupio
445 511 502 565 fieri
515 525 635 566 matrona
648 513 775 580 potentis.

97 583 168 632 Sunt
182 580 246 632 mibi
257 595 336 645 ,qnae
349 576 445 642 possint
462 579 560 642 sceptra
571 583 678 646 decere,
692 595 791 631 manus·

63 645 126 699 Nec
143 661 186 698 me
203 685 211 710 ,
231 647 334 712 faginea
348 648 417 711 quod
437 658 523 699 tecum
536 645 634 700 fronde
652 647 790 711 iacebam,
876 680 879 684 -

97 713 215 776 Despice
229 731 239 762 .-
253 727 383 777 purpurco
399 712 454 765 sum
468 714 549 778 magia
561 726 622 778 apta
634 726 708 767 toro.

63 781 213 844 Denique,
227 791 298 833 tutus
310 794 384 831 amor
392 777 503 832 meusest
516 780 579 831 ribi.
591 782 660 833 nulla
667 787 794 846 parantur

100 845 178 901 Belia
197 885 206 908 ‚
219 862 265 899 nec
278 846 385 899 ultrices
397 847 507 898 advebit
521 851 592 899 unda
605 860 683 900 rates.

66 914 205 981 Tyndaris
217 910 317 965 infestis
330 912 443 978 mgiriva
454 913 600 978 reposcitur
612 917 700 968 armIs.

101 986 167 1034 Hae
175 980 251 1031 venit
265 979 292 1030 in
307 980 434 1032 thalamos
446 982 512 1032 dote
525 981 630 1045 superba
642 995 714 1035 tuoe·

70 1052 137 1110 Quae
154 1046 172 1096 r'r
190 1047 221 1098 sn
233 1048 330 1098 Danais
341 1048 539 1109 reddenda,vei
551 1049 668 1102 Hectora
679 1049 796 1112 fratrem,

103 1113 157 1164 vel
171 1128 228 1164 cum
239 1112 385 1176 Deiphobo
400 1113 575 1166 Pulidamanrr
589 1131 667 1183 roga.

74 1180 145 1245 Qrid
162 1179 249 1244 gravis
265 1187 403 1246 antenor,
418 1181 532 1236 Priamus
546 1183 609 1247 quid
622 1180 797 1247 suadeatipse,

106 1245 226 1298 consule
238 1266 250 1306 ,-
265 1247 322 1311 quie
334 1259 395 1300 11111
407 1247 486 1313 longa
497 1247 614 1315 magist-ra
627 1246 691 1301 r'riir.¹
779 1250 782 1259 ”

73 1317 165 1376 Turpe
178 1313 354 1365 rudimentum
368 1352 378 1377 ,
390 1313 479 1378 patria
492 1329 641 1379 preponere
656 1325 767 1377 raptam,

72 1404 76 1411 ·
107 1378 195 1433 causa
210 1382 327 1443 pudenda
341 1379 433 1434 tuaest
446 1400 458 1442 ‚·
473 1378 537 1444 justa
551 1383 594 1435 vir
608 1396 679 1434 arma
695 1388 797 1430 movet·

75 1450 134 1501 Nee
150 1444 199 1496 tibi
217 1445 256 1506 ,ti
274 1445 377 1509 sapiae,
393 1445 472 1502 fidam
486 1449 614 1511 promitte
629 1454 784 1510 bamam,

109 1520 176 1578 Qrae
190 1510 264 1566 sitin
278 1514 408 1577 amplexus
423 1524 476 1567 tam
489 1515 547 1566 cito
561 1517 635 1568 versa
649 1527 721 1567 tuos.

12 1613 15 1617 -
76 1586 115 1637 ur
129 1579 222 1631 minor
236 1580 341 1632 Atrides
353 1582 471 1633 temerari
487 1580 586 1634 foedera
602 1582 666 1634 ledii¹

110 1647 213 1699 Clamat
230 1684 238 1710 ‚
253 1649 402 1699 &externo
418 1648 490 1699 lusus
504 1664 591 1702 amore
607 1649 682 1702 dolet
695 1665 705 1710 3

76 1723 122 1772 Tu
138 1729 242 1780 quoque
257 1713 387 1766 clamabis·
401 1714 481 1766 Nulla
492 1716 639 1781 reparabilis
651 1726 707 1767 arte

111 1780 182 1836 Lesa
197 1781 322 1844 pudicitia
335 1779 370 1834 est
385 1797 393 1833 r
408 1782 508 1847 deperi-t
528 1784 572 1837 1111
586 1784 677 1836 semei.

79 1852 165 1907 Ardet
182 1862 274 1901 amore
289 1849 328 1901 tui
344 1848 405 1901 esre
416 1853 443 1903 br
458 1852 599 1904 Menelaon
615 1850 727 1904 amavit·

40 1948 43 1952 ,
113 1920 196 1969 Nunc
210 1913 277 1977 iaeer
291 1917 319 1966 in
334 1916 418 1969 viduo
432 1919 549 1971 credulus
563 1920 608 1972 ille
622 1932 696 1972 roro.

81 1983 155 2039 felix
172 1983 353 2035 Andromene
367 2022 375 2048 ,
391 1994 465 2038 certo
473 1984 538 2037 bene
552 2000 631 2051 nupta
646 1982 775 2039 marito!

114 2055 195 2104 Uxor
209 2053 240 2101 ad
256 2050 402 2114 exemplum
416 2049 504 2104 fratris
518 2054 635 2106 habenda
650 2052 708 2104 fui.

82 2123 124 2173 Tu
139 2116 228 2167 levior
241 2113 313 2168 foliis
327 2155 335 2181 ,
351 2130 413 2169 tunc
429 2134 486 2170 curn
503 2157 510 2180 ‚
531 2120 585 2172 srne
599 2122 714 2183 pondere
728 2114 809 2184 sueti,

116 2182 263 2237 Mobilibus
278 2185 453 2236 ventisarida
470 2184 542 2237 fadis
554 2191 663 2240 eadunt0

79 2256 115 2310 Et
129 2250 214 2301 minus
229 2247 263 2301 est
278 2249 305 2301 in
320 2263 347 2302 te
364 2289 371 2313 ‚
394 2264 469 2314 quum
483 2251 581 2304 summa
592 2253 695 2316 pondua
710 2249 810 2315 ariii‘a,

72 2365 75 2371 .
116 2321 178 2380 Quae
195 2317 259 2368 levia
275 2315 376 2369 affiduis
392 2316 490 2369 solibus
504 2317 557 2371 usta
574 2320 649 2385 riget.

85 2388 199 2438 Roctua
209 2394 283 2446 (nam
292 2385 381 2438 recolo
407 2386 540 2450 mundam
549 2401 669 2452 germana
684 2381 811 2448 canebat,

117 2451 160 2503 Sic
173 2449 238 2501 mihi
253 2450 354 2503 diffufie
367 2451 518 2504 vaticinata
535 2456 619 2506 comis
633 2470 646 2501 .·-

87 2518 153 2584 Quid
170 2516 232 2570 facia
242 2521 396 2589 ,0111111111
411 2521 471 2583 quid
489 2534 570 2572 arena
586 2519 685 2574 semina
695 2515 814 2573 mandas?

118 2588 183 2637 Non
200 2582 353 2648 profecturis
369 2586 462 2638 littora
477 2586 558 2637 bubus
571 2601 637 2638 aras.

88 2649 815 2720 Graiaiuvencaveninqupreparriarnquedomumque

120 2720 226 2774 Perdat«
238 2718 265 2770 io
282 2719 396 2781 prohibe
412 2736 420 2780 3
436 2718 514 2782 Graia
530 2717 640 2780 iuvenca
653 2719 745 2771 venit«

89 2789 158 2839 Dum
172 2784 232 2836 iicet
242 2824 250 2848 ,
259 2785 397 2838 obscenam
411 2796 510 2847 ponto,
520 2787 575 2848 Di,
584 2782 815 2851 mergirepuppim·

118 2857 177 2904 Heu
194 2862 319 2915 qnantum
335 2851 442 2916 Phrygii
459 2851 595 2915 sanguinisr
605 2852 650 2906 illa
666 2852 768 2905 uehit!

90 2918 211 2970 Dixerat·
228 2917 253 2967 in
272 2917 345 2970 cursu
361 2916 460 2969 famule
475 2933 579 2982 rapuere
596 2917 736 2973 sinentem·

101 3010 104 3014 ·
122 2989 158 3037 abt
172 2984 236 3035 mibi
255 2984 381 3058 flaventes
396 2984 524 3049 diriguere
539 3000 630 3038 come·-

93 3051 140 3103 Air.
151 3051 266 3106 nimium
275 3063 350 3107 vates
359 3050 459 3106 misere
472 3052 538 3106 1111111
552 3068 614 3106 vera
629 3052 696 3107 suisti
710 3058 724 3105 1²
754 3117 782 3171 ὦ

508 3124 528 3173 B
560 3134 574 3186 3
713 3126 751 3175 Po
785 3144 796 3160 ·
