1975 3550
308 199 343 247 *A
371 197 390 250 S
421 192 448 247 Ο
476 192 508 250 N
540 194 572 251 l·
712 202 747 264 53

68 259 219 326 dutlsemel
227 259 257 312 in
266 197 363 313 nJoilras
376 262 581 327 quoniamnova
587 263 677 330 puppis
688 278 780 322 arenas

92 333 229 389 venerat,
249 331 354 381 audaces
371 331 546 396 attuleratque
565 331 668 397 viros)

68 395 124 448 llsct
142 395 282 447 anhelatos
297 410 351 447 non
369 398 559 458 premeditatus
576 399 603 450 in
620 399 696 463 ignes
824 464 827 468 A

94 466 237 512 immemor
256 462 391 513 AEsonidee
410 501 417 526 ‚
434 479 530 530 oraque
547 467 645 517 adunca
664 465 755 521 boanti

69 527 164 577 demina
186 527 288 588 iecisset
305 545 314 577 .·
332 529 444 580 totidem
460 531 576 583 senfiss'et
594 535 618 585 u
633 530 717 585 hostes
733 547 744 584 a
763 590 765 594 ,

94 597 129 646 llt
147 598 254 645 caderet
272 596 341 646 cultu
359 595 446 648 cultor
461 597 494 649 ab
510 598 564 662 ipse
581 598 645 650 suo·
797 631 804 641 ›

68 663 199 721 Quantum
234 659 331 712 etfitiiae
350 672 433 713 tecum
449 702 457 727 ‚
475 664 616 728 scelerate,
633 663 769 727 petiiset!

22 741 27 750 ·
94 727 187 777 Demta
217 740 297 778 orent
315 729 392 790 capiti
412 744 487 794 quam
505 730 572 783 mala
587 732 669 784 multa
693 732 783 782 meo?

67 786 102 843 lit
120 792 206 857 aliqua
227 793 333 858 ingrato
349 796 638 861 merit-rmexprobeare
654 798 784 862 voluptas·

95 861 150 909 llac
166 857 241 910 fruar
259 866 271 907 a
286 863 340 912 hac
356 863 388 911 de
405 874 431 913 te
448 866 541 928 gaudia
555 865 610 916 sola
627 865 716 917 fetam·
776 870 779 877 ⁴

67 920 149 989 Jull‘us
165 923 330 989 inexpertam
346 927 462 981 Colchos
479 933 616 984 advertere
632 931 736 996 puppim
754 969 765 998 ,

95 989 200 1042 latrasti
219 993 310 1056 patrie
329 1009 406 1060 regna
425 995 499 1049 beata
514 1012 587 1049 meae.

69 1057 124 1106 Hoc
138 1057 194 1109 illic
216 1062 311 1111 Medea
326 1060 364 1112 firi
383 1101 392 1126 ‚
411 1078 483 1117 nova
500 1077 580 1129 nupta
601 1065 722 1131 qnodhic
736 1061 783 1137 ‘st'

95 1127 176 1186 Quam
190 1126 267 1187 pater
281 1124 316 1176 est
333 1127 372 1179 illl
390 1167 398 1194 ,
415 1142 467 1181 tam
483 1132 548 1183 milri
566 1133 639 1185 dives
654 1145 720 1184 erat·
774 1140 776 1143 “

69 1186 116 1239 llic
129 1192 254 1256 Ephyren
272 1192 392 1245 bimarem
402 1197 524 1262 ·,Scythia
537 1210 610 1252 tenus
626 1201 670 1251 ille
688 1195 784 1251 nivosa

96 1257 180 1307 Omne
196 1268 288 1319 tenet,
305 1261 384 1312 Ponti
403 1277 452 1326 qua
470 1265 543 1329 plaga
560 1266 625 1315 lava
641 1264 719 1327 jacet.

69 1321 168 1385 Accipit
184 1325 306 1402 hospitip
326 1324 433 1387 juvenes
450 1333 528 1382 AEeta
544 1330 661 1395 Pelasgos
681 1370 690 1394 ,

95 1393 123 1438 Et
139 1392 259 1452 premitis
274 1391 358 1454 pillos
374 1410 486 1459 corpora
502 1395 581 1459 Graia
596 1400 683 1448 toros.

70 1459 138 1507 Tunc
155 1473 206 1521 ego
223 1470 252 1509 te
272 1458 328 1508 vidi
351 1477 360 1508 .·
384 1475 445 1513 tunc
462 1464 528 1527 coepi
548 1464 612 1516 scire
628 1464 688 1530 quid
705 1457 784 1515 esses.

101 1519 148 1571 llla
166 1522 217 1577 fuit
235 1525 329 1574 mentis
346 1527 426 1588 prima
442 1531 518 1581 ruina
533 1546 606 1581 meac.

70 1590 103 1639 Ut
117 1588 174 1638 vicii
193 1629 201 1652 ,
219 1603 250 1642 ut
268 1592 333 1652 perii
350 1613 361 1652 ;
378 1609 424 1646 nec
442 1598 514 1648 notis
533 1597 635 1662 ignibus
652 1596 718 1650 arft·

101 1656 181 1706 Ardet
197 1669 228 1708 ut
247 1660 279 1708 ad
295 1671 401 1724 magnos
416 1663 492 1724 pinea
507 1666 571 1715 taeda
588 1671 669 1718 Deos.

71 1720 100 1770 Et
116 1719 248 1776 formosus
265 1739 319 1777 eras
339 1729 386 1783 ,bc
404 1745 444 1780 me
460 1746 516 1782 mea
534 1730 586 1783 fata
603 1731 749 1784 trahebant·

101 1786 265 1842 Abstulerant
279 1794 350 1846 oculi
368 1794 464 1848 lumina
482 1795 567 1849 nostra
584 1800 638 1850 tui.
765 1851 801 1864 s,

74 1850 185 1920 Perfida,
202 1856 310 1909 sensisti.
329 1861 386 1926 quia
401 1864 471 1915 enim
488 1862 553 1917 bene
571 1867 635 1918 celat
654 1859 784 1917 amorem?

99 1922 198 1976 Eminet
213 1924 316 1984 indicio
333 1930 437 1991 prodita
454 1929 558 1983 flamma
575 1933 633 1985 suo.
773 1939 776 1944 ’

73 1985 175 2041 Dicitur
192 1989 292 2045 interea
307 1993 355 2046 tibi
371 1995 413 2047 lex
432 2014 440 2060 3
457 2009 486 2050 ut
503 2002 566 2049 duta
585 1999 704 2052 ferorum
774 2059 776 2064 ,
851 2041 855 2046 -

102 2053 216 2108 Insolito
236 2073 360 2121 premeret
376 2067 486 2116 vomere
504 2066 571 2118 colla
587 2065 676 2117 boum.
723 2070 724 2073 ’

72 2114 263 2185 [Martisetant
271 2128 337 2194 tauri
346 2129 418 2192 plus,
433 2146 508 2195 quam
522 2146 568 2195 per
579 2148 694 2196 cornua,
706 2131 785 2198 sacen

102 2190 218 2251 Qiorum
233 2193 359 2246 tetribilis
374 2196 477 2259 spiritus
492 2198 559 2263 ignis
573 2196 657 2264 eran]

75 2253 135 2303 llice
151 2259 230 2318 pedes
246 2258 323 2311 solidi
339 2301 347 2324 ‚
362 2272 539 2328 praetentaque·
553 2264 657 2316 naribus
673 2276 744 2315 aerae

95 2320 184 2394 ‘Nigra
198 2340 246 2386 per
261 2323 366 2379 afflatus
384 2328 436 2379 baec
454 2345 558 2394 quoque
572 2329 721 2385 sallasuos.

78 2382 171 2438 &nina
186 2403 313 2455 praterea
328 2396 438 2458 populos
454 2397 573 2463 genitura
590 2397 696 2460 iuberis'

106 2456 225 2527 §pergere
241 2463 340 2512 devota
355 2461 405 2513 lata
422 2477 467 2527 per
484 2480 547 2516 arva
563 2480 656 2528 manu,

78 2520 125 2580 Qu
140 2536 257 2583 peterent
274 2526 357 2579 secum
375 2531 446 2581 narie
458 2540 504 2582 tua·
518 2542 631 2596 corpora
648 2530 716 2589 telis.

107 2586 151 2637 llla
169 2591 204 2642 ell
223 2593 342 2657 agricolae
363 2595 445 2648 melfis
458 2597 552 2663 iniqna
568 2598 626 2650 suo·

78 2650 183 2709 Lumina
199 2660 310 2711 custodis
326 2662 487 2714 succumbere
504 2664 588 2716 nescia
605 2665 699 2719 somno

105 2720 216 2792 lllaimus
233 2726 269 2779 est
285 2728 370 2790 aliqua
386 2732 503 2792 decipere
518 2741 577 2782 arte
593 2732 677 2781 labor.

80 2780 184 2841 Dixerat
202 2798 297 2848 AEetee.
316 2793 398 2846 moesti
415 2796 572 2863 consurgitis·
586 2813 692 2851 omnes:

109 2850 245 2924 Mensaque
261 2875 405 2924 purpureos
419 2862 515 2916 deserit
529 2867 582 2917 alta
597 2876 686 2918 toros.

81 2918 159 2978 Quam
173 2925 221 2977 tibi
239 2941 309 2979 nnnc
326 2927 407 2993 longe
420 2943 529 2993 regnum
543 2931 631 2984 dotale
658 2930 760 2988 creusa
778 2970 789 3003 ,

110 2986 138 3057 E}
157 2989 230 3044 socer
246 3034 254 3060 ,
273 2998 298 3047 bc
315 2996 400 3061 magni
419 3008 479 3047 nata
495 3001 620 3052 Creontis
635 2999 741 3054 erant?

83 3048 166 3107 ludia
182 3059 248 3116 abia·
261 3060 345 3116 ocum
360 3064 498 3122 abeuntem
514 3066 730 3133 prosequendis
746 3079 756 3114 a

454 3130 530 3239 C}
722 3135 774 3198 Eu.
