<?xml version="1.0" encoding="UTF-8"?>
<!DOCTYPE html PUBLIC "-//W3C//DTD XHTML 1.0 Transitional//EN"
    "http://www.w3.org/TR/xhtml1/DTD/xhtml1-transitional.dtd">
<html xmlns="http://www.w3.org/1999/xhtml" xml:lang="en" lang="en">
 <head>
  <title>
</title>
<meta http-equiv="Content-Type" content="text/html;charset=utf-8" />
  <meta name='ocr-system' content='tesseract 3.04.00' />
  <meta name='ocr-capabilities' content='ocr_page ocr_carea ocr_par ocr_line ocrx_word'/>
</head>
<body>
  <div class='ocr_page' id='page_1' title='image "./operumpovidiina01elzegoog_0143.png"; bbox 0 0 1975 3550; ppageno 0'>
   <div class='ocr_carea' id='block_1_1' title="bbox 11 187 790 3189">
    <p class='ocr_par' dir='ltr' id='par_1_1' title="bbox 11 187 790 1988">
     <span class='ocr_line' id='line_1_1' title="bbox 266 187 755 253; baseline -0.006 -13"><span class='ocrx_word' id='word_1_1' title='bbox 266 187 499 242; x_wconf 63' lang='lat' dir='ltr'>attat</span> <span class='ocrx_word' id='word_1_2' title='bbox 548 189 595 239; x_wconf 79' lang='lat' dir='ltr'>ll.</span> <span class='ocrx_word' id='word_1_3' title='bbox 704 198 755 253; x_wconf 77' lang='lat'>137</span> 
     </span>
     <span class='ocr_line' id='line_1_2' title="bbox 65 249 683 312; baseline -0.003 -6"><span class='ocrx_word' id='word_1_4' title='bbox 65 254 134 306; x_wconf 79' lang='lat' dir='ltr'>Non</span> <span class='ocrx_word' id='word_1_5' title='bbox 150 249 206 306; x_wconf 82' lang='lat' dir='ltr'>illic</span> <span class='ocrx_word' id='word_1_6' title='bbox 222 254 317 312; x_wconf 81' lang='lat' dir='ltr'>urbes,</span> <span class='ocrx_word' id='word_1_7' title='bbox 334 267 389 304; x_wconf 90' lang='lat' dir='ltr'>non</span> <span class='ocrx_word' id='word_1_8' title='bbox 407 264 436 304; x_wconf 88' lang='lat' dir='ltr'>tu</span> <span class='ocrx_word' id='word_1_9' title='bbox 453 251 579 303; x_wconf 74' lang='lat' dir='ltr'>mirabere</span> <span class='ocrx_word' id='word_1_10' title='bbox 596 251 683 304; x_wconf 74' lang='lat' dir='ltr'>sulvat·</span> 
     </span>
     <span class='ocr_line' id='line_1_3' title="bbox 98 318 776 383; baseline -0.007 -11"><span class='ocrx_word' id='word_1_11' title='bbox 98 323 160 373; x_wconf 86' lang='lat' dir='ltr'>Una</span> <span class='ocrx_word' id='word_1_12' title='bbox 176 319 212 371; x_wconf 85' lang='lat' dir='ltr'>eli</span> <span class='ocrx_word' id='word_1_13' title='bbox 228 319 315 383; x_wconf 84' lang='lat' dir='ltr'>injusti</span> <span class='ocrx_word' id='word_1_14' title='bbox 332 319 425 372; x_wconf 84' lang='lat' dir='ltr'>caerula</span> <span class='ocrx_word' id='word_1_15' title='bbox 445 318 532 373; x_wconf 79' lang='lat' dir='ltr'>forma</span> <span class='ocrx_word' id='word_1_16' title='bbox 550 323 638 371; x_wconf 83' lang='lat' dir='ltr'>matis.</span> <span class='ocrx_word' id='word_1_17' title='bbox 772 325 776 330; x_wconf 90' lang='lat'>&#39;</span> 
     </span>
     <span class='ocr_line' id='line_1_4' title="bbox 64 385 721 450; baseline -0.002 -11"><span class='ocrx_word' id='word_1_18' title='bbox 64 388 124 439; x_wconf 82' lang='lat' dir='ltr'>Nec</span> <span class='ocrx_word' id='word_1_19' title='bbox 140 388 240 439; x_wconf 83' lang='lat' dir='ltr'>medius</span> <span class='ocrx_word' id='word_1_20' title='bbox 255 400 343 437; x_wconf 75' lang='lat' dir='ltr'>tenues</span> <span class='ocrx_word' id='word_1_21' title='bbox 358 388 469 439; x_wconf 81' lang='lat' dir='ltr'>conciter</span> <span class='ocrx_word' id='word_1_22' title='bbox 485 385 604 448; x_wconf 64' lang='lat' dir='ltr'>ulliusve</span> <span class='ocrx_word' id='word_1_23' title='bbox 617 385 721 450; x_wconf 77' lang='lat' dir='ltr'>lapillos</span> 
     </span>
     <span class='ocr_line' id='line_1_5' title="bbox 98 452 740 506; baseline 0.003 -5"><span class='ocrx_word' id='word_1_24' title='bbox 98 454 202 506; x_wconf 79' lang='lat' dir='ltr'>Pontus</span> <span class='ocrx_word' id='word_1_25' title='bbox 217 454 308 503; x_wconf 86' lang='lat' dir='ltr'>babet:</span> <span class='ocrx_word' id='word_1_26' title='bbox 328 452 408 503; x_wconf 81' lang='lat' dir='ltr'>bibuli</span> <span class='ocrx_word' id='word_1_27' title='bbox 427 452 527 503; x_wconf 81' lang='lat' dir='ltr'>littoris</span> <span class='ocrx_word' id='word_1_28' title='bbox 543 452 586 502; x_wconf 89' lang='lat' dir='ltr'>illa</span> <span class='ocrx_word' id='word_1_29' title='bbox 601 468 674 505; x_wconf 89' lang='lat' dir='ltr'>mora</span> <span class='ocrx_word' id='word_1_30' title='bbox 692 454 740 504; x_wconf 77' lang='lat' dir='ltr'>eti.</span> 
     </span>
     <span class='ocr_line' id='line_1_6' title="bbox 64 517 739 584; baseline -0.007 -10"><span class='ocrx_word' id='word_1_31' title='bbox 64 517 173 574; x_wconf 82' lang='lat' dir='ltr'>Litt&#39;ora</span> <span class='ocrx_word' id='word_1_32' title='bbox 188 519 340 571; x_wconf 85' lang='lat' dir='ltr'>marmoreis</span> <span class='ocrx_word' id='word_1_33' title='bbox 355 519 461 583; x_wconf 78' lang='lat' dir='ltr'>pedibus</span> <span class='ocrx_word' id='word_1_34' title='bbox 480 518 618 584; x_wconf 79' lang='lat' dir='ltr'>signanda,</span> <span class='ocrx_word' id='word_1_35' title='bbox 639 521 739 581; x_wconf 77' lang='lat' dir='ltr'>puellae.</span> 
     </span>
     <span class='ocr_line' id='line_1_7' title="bbox 98 584 779 639; baseline -0.001 -1"><span class='ocrx_word' id='word_1_36' title='bbox 98 587 233 639; x_wconf 76' lang='lat' dir='ltr'>Haslenur</span> <span class='ocrx_word' id='word_1_37' title='bbox 247 584 282 637; x_wconf 78' lang='lat' dir='ltr'>eti</span> <span class='ocrx_word' id='word_1_38' title='bbox 299 599 403 638; x_wconf 84' lang='lat' dir='ltr'>tutum.-</span> <span class='ocrx_word' id='word_1_39' title='bbox 421 599 514 638; x_wconf 66' lang='lat' dir='ltr'>taeeera</span> <span class='ocrx_word' id='word_1_40' title='bbox 531 600 595 637; x_wconf 82' lang='lat' dir='ltr'>caeca</span> <span class='ocrx_word' id='word_1_41' title='bbox 610 587 657 637; x_wconf 83' lang='lat' dir='ltr'>via</span> <span class='ocrx_word' id='word_1_42' title='bbox 672 584 720 638; x_wconf 82' lang='lat' dir='ltr'>est.</span> <span class='ocrx_word' id='word_1_43' title='bbox 774 599 779 608; x_wconf 68' lang='lat'><em>¹</em></span> 
     </span>
     <span class='ocr_line' id='line_1_8' title="bbox 65 652 659 715; baseline 0 -11"><span class='ocrx_word' id='word_1_44' title='bbox 65 657 98 709; x_wconf 81' lang='lat' dir='ltr'>Et</span> <span class='ocrx_word' id='word_1_45' title='bbox 115 652 195 704; x_wconf 83' lang='lat' dir='ltr'>vobis</span> <span class='ocrx_word' id='word_1_46' title='bbox 211 652 255 704; x_wconf 83' lang='lat' dir='ltr'>alii</span> <span class='ocrx_word' id='word_1_47' title='bbox 271 664 413 704; x_wconf 86' lang='lat' dir='ltr'>ventorum</span> <span class='ocrx_word' id='word_1_48' title='bbox 431 652 518 715; x_wconf 71' lang='lat' dir='ltr'>utalia</span> <span class='ocrx_word' id='word_1_49' title='bbox 535 665 659 715; x_wconf 84' lang='lat' dir='ltr'>narrent;</span> 
     </span>
     <span class='ocr_line' id='line_1_9' title="bbox 99 718 784 785; baseline 0.009 -16"><span class='ocrx_word' id='word_1_50' title='bbox 99 726 171 781; x_wconf 84' lang='lat' dir='ltr'>Quas</span> <span class='ocrx_word' id='word_1_51' title='bbox 184 718 397 784; x_wconf 74' lang='lat' dir='ltr'>Scyllainsestet,</span> <span class='ocrx_word' id='word_1_52' title='bbox 416 720 514 783; x_wconf 85' lang='lat' dir='ltr'>quasve</span> <span class='ocrx_word' id='word_1_53' title='bbox 527 719 675 785; x_wconf 81' lang='lat' dir='ltr'>Charybdis</span> <span class='ocrx_word' id='word_1_54' title='bbox 691 731 784 781; x_wconf 70' lang='lat' dir='ltr'>aquari</span> 
     </span>
     <span class='ocr_line' id='line_1_10' title="bbox 65 785 754 852; baseline 0.003 -16"><span class='ocrx_word' id='word_1_55' title='bbox 65 788 99 841; x_wconf 82' lang='lat' dir='ltr'>Et</span> <span class='ocrx_word' id='word_1_56' title='bbox 117 786 209 850; x_wconf 82' lang='lat' dir='ltr'>quibus</span> <span class='ocrx_word' id='word_1_57' title='bbox 227 787 356 852; x_wconf 81' lang='lat' dir='ltr'>emineant</span> <span class='ocrx_word' id='word_1_58' title='bbox 374 785 493 837; x_wconf 87' lang='lat' dir='ltr'>violenta</span> <span class='ocrx_word' id='word_1_59' title='bbox 515 788 643 839; x_wconf 83' lang='lat' dir='ltr'>Ceraunia</span> <span class='ocrx_word' id='word_1_60' title='bbox 666 786 754 843; x_wconf 80' lang='lat' dir='ltr'>saxis.-</span> 
     </span>
     <span class='ocr_line' id='line_1_11' title="bbox 98 853 703 919; baseline 0.002 -17"><span class='ocrx_word' id='word_1_61' title='bbox 98 858 159 917; x_wconf 80' lang='lat' dir='ltr'>Quo</span> <span class='ocrx_word' id='word_1_62' title='bbox 179 853 277 904; x_wconf 90' lang='lat' dir='ltr'>lateant</span> <span class='ocrx_word' id='word_1_63' title='bbox 293 855 401 919; x_wconf 81' lang='lat' dir='ltr'>Syrtes,</span> <span class='ocrx_word' id='word_1_64' title='bbox 426 868 517 916; x_wconf 87' lang='lat' dir='ltr'>quove</span> <span class='ocrx_word' id='word_1_65' title='bbox 535 853 620 907; x_wconf 85' lang='lat' dir='ltr'>Malea</span> <span class='ocrx_word' id='word_1_66' title='bbox 637 853 703 906; x_wconf 78' lang='lat' dir='ltr'>finit.</span> 
     </span>
     <span class='ocr_line' id='line_1_12' title="bbox 64 918 784 987; baseline 0.006 -17"><span class='ocrx_word' id='word_1_67' title='bbox 64 924 131 975; x_wconf 74' lang='lat' dir='ltr'>flacc</span> <span class='ocrx_word' id='word_1_68' title='bbox 141 919 184 970; x_wconf 91' lang='lat' dir='ltr'>alii</span> <span class='ocrx_word' id='word_1_69' title='bbox 193 918 418 979; x_wconf 65' lang='lat' dir='ltr'>referantatvos,</span> <span class='ocrx_word' id='word_1_70' title='bbox 431 926 502 983; x_wconf 86' lang='lat' dir='ltr'>quod</span> <span class='ocrx_word' id='word_1_71' title='bbox 518 920 624 986; x_wconf 89' lang='lat' dir='ltr'>quisque</span> <span class='ocrx_word' id='word_1_72' title='bbox 631 922 784 987; x_wconf 76' lang='lat' dir='ltr'>loquentur,</span> 
     </span>
     <span class='ocr_line' id='line_1_13' title="bbox 98 985 772 1049; baseline 0.001 -10"><span class='ocrx_word' id='word_1_73' title='bbox 98 985 224 1039; x_wconf 80' lang='lat' dir='ltr'>Credite:</span> <span class='ocrx_word' id='word_1_74' title='bbox 240 987 354 1038; x_wconf 81' lang='lat' dir='ltr'>eredenti</span> <span class='ocrx_word' id='word_1_75' title='bbox 371 988 439 1038; x_wconf 86' lang='lat' dir='ltr'>nulla</span> <span class='ocrx_word' id='word_1_76' title='bbox 459 987 574 1049; x_wconf 82' lang='lat' dir='ltr'>procella</span> <span class='ocrx_word' id='word_1_77' title='bbox 591 998 679 1038; x_wconf 80' lang='lat' dir='ltr'>notet·</span> <span class='ocrx_word' id='word_1_78' title='bbox 770 1035 772 1040; x_wconf 93' lang='lat'><em>.</em></span> 
     </span>
     <span class='ocr_line' id='line_1_14' title="bbox 63 1051 644 1115; baseline 0.002 -12"><span class='ocrx_word' id='word_1_79' title='bbox 63 1057 133 1108; x_wconf 84' lang='lat' dir='ltr'>sero</span> <span class='ocrx_word' id='word_1_80' title='bbox 152 1051 286 1115; x_wconf 77' lang='lat' dir='ltr'>respicitur</span> <span class='ocrx_word' id='word_1_81' title='bbox 302 1054 376 1105; x_wconf 84' lang='lat' dir='ltr'>tellus</span> <span class='ocrx_word' id='word_1_82' title='bbox 391 1092 399 1112; x_wconf 83' lang='lat'>,</span> <span class='ocrx_word' id='word_1_83' title='bbox 416 1053 460 1104; x_wconf 89' lang='lat' dir='ltr'>ubi</span> <span class='ocrx_word' id='word_1_84' title='bbox 475 1052 541 1105; x_wconf 82' lang='lat' dir='ltr'>fitne</span> <span class='ocrx_word' id='word_1_85' title='bbox 558 1053 644 1105; x_wconf 80' lang='lat' dir='ltr'>soluto</span> 
     </span>
     <span class='ocr_line' id='line_1_15' title="bbox 98 1120 717 1182; baseline 0 -10"><span class='ocrx_word' id='word_1_86' title='bbox 98 1120 191 1172; x_wconf 86' lang='lat' dir='ltr'>Currit</span> <span class='ocrx_word' id='word_1_87' title='bbox 207 1122 234 1169; x_wconf 91' lang='lat' dir='ltr'>in</span> <span class='ocrx_word' id='word_1_88' title='bbox 253 1121 404 1171; x_wconf 87' lang='lat' dir='ltr'>immensum</span> <span class='ocrx_word' id='word_1_89' title='bbox 421 1124 505 1182; x_wconf 85' lang='lat' dir='ltr'>panda</span> <span class='ocrx_word' id='word_1_90' title='bbox 522 1122 609 1172; x_wconf 86' lang='lat' dir='ltr'>carina</span> <span class='ocrx_word' id='word_1_91' title='bbox 625 1123 717 1173; x_wconf 89' lang='lat' dir='ltr'>salunt·</span> 
     </span>
     <span class='ocr_line' id='line_1_16' title="bbox 11 1186 736 1258; baseline -0.006 -18"><span class='ocrx_word' id='word_1_92' title='bbox 11 1235 12 1258; x_wconf 29' lang='lat' dir='ltr'>q</span> <span class='ocrx_word' id='word_1_93' title='bbox 64 1186 168 1240; x_wconf 82' lang='lat' dir='ltr'>Navita</span> <span class='ocrx_word' id='word_1_94' title='bbox 187 1186 315 1239; x_wconf 74' lang='lat' dir='ltr'>sollicitus</span> <span class='ocrx_word' id='word_1_95' title='bbox 330 1203 381 1250; x_wconf 89' lang='lat' dir='ltr'>qua</span> <span class='ocrx_word' id='word_1_96' title='bbox 391 1198 488 1236; x_wconf 86' lang='lat' dir='ltr'>ventos</span> <span class='ocrx_word' id='word_1_97' title='bbox 503 1187 597 1238; x_wconf 87' lang='lat' dir='ltr'>horret</span> <span class='ocrx_word' id='word_1_98' title='bbox 612 1188 736 1251; x_wconf 81' lang='lat' dir='ltr'>iniquos,</span> 
     </span>
     <span class='ocr_line' id='line_1_17' title="bbox 99 1253 784 1317; baseline -0.003 -12"><span class='ocrx_word' id='word_1_99' title='bbox 99 1259 130 1306; x_wconf 77' lang='lat' dir='ltr'>Et</span> <span class='ocrx_word' id='word_1_100' title='bbox 148 1253 394 1316; x_wconf 80' lang='lat' dir='ltr'>properantletum,</span> <span class='ocrx_word' id='word_1_101' title='bbox 412 1267 487 1317; x_wconf 83' lang='lat' dir='ltr'>quam</span> <span class='ocrx_word' id='word_1_102' title='bbox 502 1254 784 1316; x_wconf 72' lang='lat' dir='ltr'>prouecemitaquatn.</span> 
     </span>
     <span class='ocr_line' id='line_1_18' title="bbox 66 1318 701 1384; baseline -0.002 -15"><span class='ocrx_word' id='word_1_103' title='bbox 66 1320 136 1384; x_wconf 80' lang='lat' dir='ltr'>Quid</span> <span class='ocrx_word' id='word_1_104' title='bbox 153 1319 171 1369; x_wconf 88' lang='lat' dir='ltr'>st</span> <span class='ocrx_word' id='word_1_105' title='bbox 190 1318 326 1373; x_wconf 78' lang='lat' dir='ltr'>concussas</span> <span class='ocrx_word' id='word_1_106' title='bbox 339 1321 436 1372; x_wconf 84' lang='lat' dir='ltr'>Triton</span> <span class='ocrx_word' id='word_1_107' title='bbox 453 1318 586 1382; x_wconf 81' lang='lat' dir='ltr'>exasperet</span> <span class='ocrx_word' id='word_1_108' title='bbox 602 1322 701 1371; x_wconf 72' lang='lat' dir='ltr'>undas?</span> 
     </span>
     <span class='ocr_line' id='line_1_19' title="bbox 99 1383 735 1449; baseline -0.002 -13"><span class='ocrx_word' id='word_1_109' title='bbox 99 1393 182 1449; x_wconf 79' lang='lat' dir='ltr'>Qtam</span> <span class='ocrx_word' id='word_1_110' title='bbox 198 1388 248 1438; x_wconf 88' lang='lat' dir='ltr'>tibi</span> <span class='ocrx_word' id='word_1_111' title='bbox 264 1401 333 1438; x_wconf 88' lang='lat' dir='ltr'>nunc</span> <span class='ocrx_word' id='word_1_112' title='bbox 350 1397 413 1437; x_wconf 90' lang='lat' dir='ltr'>toto</span> <span class='ocrx_word' id='word_1_113' title='bbox 431 1385 515 1436; x_wconf 80' lang='lat' dir='ltr'>nullus</span> <span class='ocrx_word' id='word_1_114' title='bbox 531 1386 559 1435; x_wconf 87' lang='lat' dir='ltr'>in</span> <span class='ocrx_word' id='word_1_115' title='bbox 576 1402 623 1439; x_wconf 87' lang='lat' dir='ltr'>ore</span> <span class='ocrx_word' id='word_1_116' title='bbox 638 1383 735 1440; x_wconf 78' lang='lat' dir='ltr'>color!</span> 
     </span>
     <span class='ocr_line' id='line_1_20' title="bbox 67 1451 729 1518; baseline -0.006 -14"><span class='ocrx_word' id='word_1_117' title='bbox 67 1461 137 1509; x_wconf 85' lang='lat' dir='ltr'>Tum</span> <span class='ocrx_word' id='word_1_118' title='bbox 151 1454 277 1518; x_wconf 82' lang='lat' dir='ltr'>generosa</span> <span class='ocrx_word' id='word_1_119' title='bbox 296 1469 376 1505; x_wconf 87' lang='lat' dir='ltr'>voces</span> <span class='ocrx_word' id='word_1_120' title='bbox 392 1452 519 1504; x_wconf 80' lang='lat' dir='ltr'>foecundae</span> <span class='ocrx_word' id='word_1_121' title='bbox 537 1451 616 1505; x_wconf 79' lang='lat' dir='ltr'>sidera</span> <span class='ocrx_word' id='word_1_122' title='bbox 635 1454 729 1510; x_wconf 80' lang='lat' dir='ltr'>Ledae.-</span> 
     </span>
     <span class='ocr_line' id='line_1_21' title="bbox 99 1519 700 1584; baseline 0 -12"><span class='ocrx_word' id='word_1_123' title='bbox 99 1526 147 1579; x_wconf 70' lang='lat' dir='ltr'>tt,</span> <span class='ocrx_word' id='word_1_124' title='bbox 165 1522 253 1578; x_wconf 77' lang='lat' dir='ltr'>Felix.</span> <span class='ocrx_word' id='word_1_125' title='bbox 267 1520 352 1576; x_wconf 73' lang='lat' dir='ltr'>dicas,</span> <span class='ocrx_word' id='word_1_126' title='bbox 370 1535 446 1584; x_wconf 86' lang='lat' dir='ltr'>quant</span> <span class='ocrx_word' id='word_1_127' title='bbox 465 1519 509 1570; x_wconf 84' lang='lat' dir='ltr'>sua</span> <span class='ocrx_word' id='word_1_128' title='bbox 526 1530 598 1571; x_wconf 89' lang='lat' dir='ltr'>terra</span> <span class='ocrx_word' id='word_1_129' title='bbox 614 1520 700 1572; x_wconf 84' lang='lat' dir='ltr'>teneti</span> 
     </span>
     <span class='ocr_line' id='line_1_22' title="bbox 11 1584 698 1648; baseline -0.004 -7"><span class='ocrx_word' id='word_1_130' title='bbox 11 1627 12 1640; x_wconf 50' lang='lat' dir='ltr'>r</span> <span class='ocrx_word' id='word_1_131' title='bbox 66 1590 160 1644; x_wconf 78' lang='lat' dir='ltr'>Tutius</span> <span class='ocrx_word' id='word_1_132' title='bbox 177 1585 213 1637; x_wconf 87' lang='lat' dir='ltr'>est</span> <span class='ocrx_word' id='word_1_133' title='bbox 230 1587 328 1638; x_wconf 82' lang='lat' dir='ltr'>fovisse</span> <span class='ocrx_word' id='word_1_134' title='bbox 347 1599 433 1638; x_wconf 88' lang='lat' dir='ltr'>totum</span> <span class='ocrx_word' id='word_1_135' title='bbox 442 1605 453 1645; x_wconf 72' lang='lat'>,-</span> <span class='ocrx_word' id='word_1_136' title='bbox 472 1584 560 1645; x_wconf 63' lang='lat' dir='ltr'>legisse</span> <span class='ocrx_word' id='word_1_137' title='bbox 576 1586 698 1648; x_wconf 59' lang='lat' dir='ltr'>liberior,</span> 
     </span>
     <span class='ocr_line' id='line_1_23' title="bbox 97 1650 631 1719; baseline -0.006 -13"><span class='ocrx_word' id='word_1_138' title='bbox 97 1653 247 1706; x_wconf 78' lang='lat' dir='ltr'>Threiciam</span> <span class='ocrx_word' id='word_1_139' title='bbox 263 1654 352 1719; x_wconf 81' lang='lat' dir='ltr'>digitis</span> <span class='ocrx_word' id='word_1_140' title='bbox 367 1650 521 1715; x_wconf 62' lang='lat' dir='ltr'>increpuisse</span> <span class='ocrx_word' id='word_1_141' title='bbox 538 1652 631 1719; x_wconf 80' lang='lat' dir='ltr'>lyram.</span> 
     </span>
     <span class='ocr_line' id='line_1_24' title="bbox 66 1719 780 1790; baseline 0.007 -18"><span class='ocrx_word' id='word_1_142' title='bbox 66 1726 119 1780; x_wconf 74' lang='lat' dir='ltr'>At,</span> <span class='ocrx_word' id='word_1_143' title='bbox 139 1721 155 1770; x_wconf 86' lang='lat' dir='ltr'>st</span> <span class='ocrx_word' id='word_1_144' title='bbox 167 1736 236 1771; x_wconf 88' lang='lat' dir='ltr'>vana</span> <span class='ocrx_word' id='word_1_145' title='bbox 246 1720 335 1772; x_wconf 85' lang='lat' dir='ltr'>serunt</span> <span class='ocrx_word' id='word_1_146' title='bbox 348 1721 469 1772; x_wconf 84' lang='lat' dir='ltr'>volucres</span> <span class='ocrx_word' id='word_1_147' title='bbox 483 1736 540 1771; x_wconf 91' lang='lat' dir='ltr'>mea</span> <span class='ocrx_word' id='word_1_148' title='bbox 554 1721 622 1772; x_wconf 74' lang='lat' dir='ltr'>dista</span> <span class='ocrx_word' id='word_1_149' title='bbox 641 1719 780 1790; x_wconf 71' lang='lat' dir='ltr'>procellat,</span> 
     </span>
     <span class='ocr_line' id='line_1_25' title="bbox 12 1788 790 1854; baseline 0 -12"><span class='ocrx_word' id='word_1_150' title='bbox 12 1800 13 1803; x_wconf 74' lang='grc'>’</span> <span class='ocrx_word' id='word_1_151' title='bbox 101 1792 187 1854; x_wconf 80' lang='lat' dir='ltr'>AEqua</span> <span class='ocrx_word' id='word_1_152' title='bbox 203 1799 289 1839; x_wconf 90' lang='lat' dir='ltr'>tamen</span> <span class='ocrx_word' id='word_1_153' title='bbox 306 1789 383 1853; x_wconf 65' lang='lat' dir='ltr'>puppi</span> <span class='ocrx_word' id='word_1_154' title='bbox 404 1788 434 1840; x_wconf 89' lang='lat' dir='ltr'>set</span> <span class='ocrx_word' id='word_1_155' title='bbox 451 1789 560 1840; x_wconf 83' lang='lat' dir='ltr'>Galatea</span> <span class='ocrx_word' id='word_1_156' title='bbox 576 1802 635 1843; x_wconf 84' lang='lat' dir='ltr'>tuae.</span> <span class='ocrx_word' id='word_1_157' title='bbox 783 1793 790 1806; x_wconf 89' lang='lat'>&#39;</span> 
     </span>
     <span class='ocr_line' id='line_1_26' title="bbox 65 1853 677 1918; baseline -0.005 -9"><span class='ocrx_word' id='word_1_158' title='bbox 65 1855 184 1909; x_wconf 83' lang='lat' dir='ltr'>Vestrum</span> <span class='ocrx_word' id='word_1_159' title='bbox 200 1858 295 1908; x_wconf 82' lang='lat' dir='ltr'>crimen</span> <span class='ocrx_word' id='word_1_160' title='bbox 313 1856 365 1906; x_wconf 90' lang='lat' dir='ltr'>erit</span> <span class='ocrx_word' id='word_1_161' title='bbox 382 1855 443 1906; x_wconf 73' lang='lat' dir='ltr'>talis</span> <span class='ocrx_word' id='word_1_162' title='bbox 458 1853 554 1914; x_wconf 71' lang='lat' dir='ltr'>iatiura</span> <span class='ocrx_word' id='word_1_163' title='bbox 570 1856 677 1918; x_wconf 71' lang='lat' dir='ltr'>puellae,</span> 
     </span>
     <span class='ocr_line' id='line_1_27' title="bbox 99 1923 676 1988; baseline -0.003 -15"><span class='ocrx_word' id='word_1_164' title='bbox 99 1923 275 1988; x_wconf 78' lang='lat' dir='ltr'>Nereidesque</span> <span class='ocrx_word' id='word_1_165' title='bbox 290 1926 368 1986; x_wconf 81' lang='lat' dir='ltr'>Dete,</span> <span class='ocrx_word' id='word_1_166' title='bbox 384 1923 578 1987; x_wconf 81' lang='lat' dir='ltr'>Nereidumque</span> <span class='ocrx_word' id='word_1_167' title='bbox 589 1934 676 1986; x_wconf 81' lang='lat' dir='ltr'>pater.-</span> 
     </span>
    </p>

    <p class='ocr_par' dir='ltr' id='par_1_2' title="bbox 64 1988 782 2188">
     <span class='ocr_line' id='line_1_28' title="bbox 65 1988 752 2048; baseline -0.001 -6"><span class='ocrx_word' id='word_1_168' title='bbox 65 1993 138 2042; x_wconf 84' lang='lat' dir='ltr'>Vade</span> <span class='ocrx_word' id='word_1_169' title='bbox 152 2005 253 2041; x_wconf 90' lang='lat' dir='ltr'>memor</span> <span class='ocrx_word' id='word_1_170' title='bbox 270 1988 368 2048; x_wconf 81' lang='lat' dir='ltr'>nostri,</span> <span class='ocrx_word' id='word_1_171' title='bbox 393 2002 477 2041; x_wconf 87' lang='lat' dir='ltr'>vento</span> <span class='ocrx_word' id='word_1_172' title='bbox 496 1991 609 2042; x_wconf 89' lang='lat' dir='ltr'>reditura</span> <span class='ocrx_word' id='word_1_173' title='bbox 626 1990 752 2045; x_wconf 72' lang='lat' dir='ltr'>secundu-</span> 
     </span>
     <span class='ocr_line' id='line_1_29' title="bbox 98 2057 764 2120; baseline -0.002 -10"><span class='ocrx_word' id='word_1_174' title='bbox 98 2058 206 2120; x_wconf 77' lang='lat' dir='ltr'>Impleat</span> <span class='ocrx_word' id='word_1_175' title='bbox 224 2057 268 2109; x_wconf 87' lang='lat' dir='ltr'>illa</span> <span class='ocrx_word' id='word_1_176' title='bbox 282 2071 342 2108; x_wconf 81' lang='lat' dir='ltr'>tuor</span> <span class='ocrx_word' id='word_1_177' title='bbox 358 2057 458 2108; x_wconf 80' lang='lat' dir='ltr'>sortior</span> <span class='ocrx_word' id='word_1_178' title='bbox 478 2073 538 2108; x_wconf 85' lang='lat' dir='ltr'>aura</span> <span class='ocrx_word' id='word_1_179' title='bbox 557 2057 633 2111; x_wconf 86' lang='lat' dir='ltr'>smus.</span> <span class='ocrx_word' id='word_1_180' title='bbox 760 2104 764 2113; x_wconf 83' lang='lat'>.</span> 
     </span>
     <span class='ocr_line' id='line_1_30' title="bbox 64 2124 782 2188; baseline 0.001 -11"><span class='ocrx_word' id='word_1_181' title='bbox 64 2128 133 2177; x_wconf 85' lang='lat' dir='ltr'>Tum</span> <span class='ocrx_word' id='word_1_182' title='bbox 140 2125 416 2188; x_wconf 74' lang='lat' dir='ltr'>mareinbaecmagnue</span> <span class='ocrx_word' id='word_1_183' title='bbox 434 2124 563 2185; x_wconf 80' lang='lat' dir='ltr'>proclinet</span> <span class='ocrx_word' id='word_1_184' title='bbox 570 2125 782 2185; x_wconf 75' lang='lat' dir='ltr'>littoraNereutt</span> 
     </span>
    </p>

    <p class='ocr_par' dir='ltr' id='par_1_3' title="bbox 40 2188 784 3189">
     <span class='ocr_line' id='line_1_31' title="bbox 97 2188 715 2256; baseline -0.003 -13"><span class='ocrx_word' id='word_1_185' title='bbox 97 2196 157 2243; x_wconf 80' lang='lat' dir='ltr'>Huc</span> <span class='ocrx_word' id='word_1_186' title='bbox 174 2192 246 2243; x_wconf 84' lang='lat' dir='ltr'>venti</span> <span class='ocrx_word' id='word_1_187' title='bbox 266 2191 381 2255; x_wconf 76' lang='lat' dir='ltr'>spirent3</span> <span class='ocrx_word' id='word_1_188' title='bbox 397 2192 448 2242; x_wconf 86' lang='lat' dir='ltr'>buc</span> <span class='ocrx_word' id='word_1_189' title='bbox 464 2203 524 2256; x_wconf 83' lang='lat' dir='ltr'>agat</span> <span class='ocrx_word' id='word_1_190' title='bbox 542 2188 612 2241; x_wconf 74' lang='lat' dir='ltr'>atus</span> <span class='ocrx_word' id='word_1_191' title='bbox 627 2205 715 2254; x_wconf 80' lang='lat' dir='ltr'>aquas.</span> 
     </span>
     <span class='ocr_line' id='line_1_32' title="bbox 66 2255 718 2324; baseline -0.006 -13"><span class='ocrx_word' id='word_1_192' title='bbox 66 2256 126 2323; x_wconf 81' lang='lat' dir='ltr'>ipsa</span> <span class='ocrx_word' id='word_1_193' title='bbox 144 2273 233 2323; x_wconf 78' lang='lat' dir='ltr'>roges,</span> <span class='ocrx_word' id='word_1_194' title='bbox 250 2258 364 2324; x_wconf 75' lang='lat' dir='ltr'>zephyri</span> <span class='ocrx_word' id='word_1_195' title='bbox 381 2257 489 2308; x_wconf 88' lang='lat' dir='ltr'>veniant</span> <span class='ocrx_word' id='word_1_196' title='bbox 507 2257 533 2306; x_wconf 89' lang='lat' dir='ltr'>in</span> <span class='ocrx_word' id='word_1_197' title='bbox 550 2256 632 2309; x_wconf 84' lang='lat' dir='ltr'>lintea</span> <span class='ocrx_word' id='word_1_198' title='bbox 648 2255 718 2307; x_wconf 73' lang='lat' dir='ltr'>solie</span> 
     </span>
     <span class='ocr_line' id='line_1_33' title="bbox 99 2323 765 2390; baseline -0.005 -13"><span class='ocrx_word' id='word_1_199' title='bbox 99 2324 158 2387; x_wconf 76' lang='lat' dir='ltr'>Ipsa</span> <span class='ocrx_word' id='word_1_200' title='bbox 175 2337 218 2378; x_wconf 83' lang='lat' dir='ltr'>tue</span> <span class='ocrx_word' id='word_1_201' title='bbox 234 2341 343 2377; x_wconf 78' lang='lat' dir='ltr'>moveas</span> <span class='ocrx_word' id='word_1_202' title='bbox 357 2325 460 2390; x_wconf 76' lang='lat' dir='ltr'>turgida</span> <span class='ocrx_word' id='word_1_203' title='bbox 475 2323 534 2373; x_wconf 89' lang='lat' dir='ltr'>vela</span> <span class='ocrx_word' id='word_1_204' title='bbox 551 2337 638 2376; x_wconf 83' lang='lat' dir='ltr'>manu.</span> <span class='ocrx_word' id='word_1_205' title='bbox 761 2332 765 2337; x_wconf 84' lang='lat'>&#39;</span> 
     </span>
     <span class='ocr_line' id='line_1_34' title="bbox 67 2388 751 2460; baseline 0 -16"><span class='ocrx_word' id='word_1_206' title='bbox 67 2392 166 2444; x_wconf 79' lang='lat' dir='ltr'>Primus</span> <span class='ocrx_word' id='word_1_207' title='bbox 183 2408 232 2459; x_wconf 78' lang='lat' dir='ltr'>ego</span> <span class='ocrx_word' id='word_1_208' title='bbox 247 2392 370 2454; x_wconf 77' lang='lat' dir='ltr'>aspiciam</span> <span class='ocrx_word' id='word_1_209' title='bbox 387 2401 476 2443; x_wconf 89' lang='lat' dir='ltr'>notam</span> <span class='ocrx_word' id='word_1_210' title='bbox 491 2391 523 2440; x_wconf 91' lang='lat' dir='ltr'>de</span> <span class='ocrx_word' id='word_1_211' title='bbox 537 2388 629 2442; x_wconf 87' lang='lat' dir='ltr'>littore</span> <span class='ocrx_word' id='word_1_212' title='bbox 644 2391 751 2460; x_wconf 68' lang='lat' dir='ltr'>pinunq</span> 
     </span>
     <span class='ocr_line' id='line_1_35' title="bbox 97 2457 657 2518; baseline -0.009 -6"><span class='ocrx_word' id='word_1_213' title='bbox 97 2464 129 2512; x_wconf 80' lang='lat' dir='ltr'>Et</span> <span class='ocrx_word' id='word_1_214' title='bbox 145 2460 245 2518; x_wconf 78' lang='lat' dir='ltr'>dicam,</span> <span class='ocrx_word' id='word_1_215' title='bbox 264 2459 375 2512; x_wconf 80' lang='lat' dir='ltr'>Nostros</span> <span class='ocrx_word' id='word_1_216' title='bbox 389 2457 497 2510; x_wconf 80' lang='lat' dir='ltr'>advehit</span> <span class='ocrx_word' id='word_1_217' title='bbox 517 2457 559 2509; x_wconf 87' lang='lat' dir='ltr'>illa</span> <span class='ocrx_word' id='word_1_218' title='bbox 577 2461 657 2510; x_wconf 81' lang='lat' dir='ltr'>Deos.</span> 
     </span>
     <span class='ocr_line' id='line_1_36' title="bbox 64 2523 784 2592; baseline 0.003 -15"><span class='ocrx_word' id='word_1_219' title='bbox 64 2525 227 2592; x_wconf 69' lang='lat' dir='ltr'>Excipiamq</span> <span class='ocrx_word' id='word_1_220' title='bbox 246 2528 376 2587; x_wconf 78' lang='lat' dir='ltr'>humeris,</span> <span class='ocrx_word' id='word_1_221' title='bbox 392 2524 503 2580; x_wconf 79' lang='lat' dir='ltr'>&amp;inulta</span> <span class='ocrx_word' id='word_1_222' title='bbox 518 2523 784 2592; x_wconf 75' lang='lat' dir='ltr'>tineordinecarpent</span> 
     </span>
     <span class='ocr_line' id='line_1_37' title="bbox 96 2593 662 2655; baseline -0.005 -11"><span class='ocrx_word' id='word_1_223' title='bbox 96 2593 192 2644; x_wconf 85' lang='lat' dir='ltr'>Oscula</span> <span class='ocrx_word' id='word_1_224' title='bbox 206 2609 254 2655; x_wconf 76' lang='lat' dir='ltr'>pro</span> <span class='ocrx_word' id='word_1_225' title='bbox 272 2596 356 2645; x_wconf 89' lang='lat' dir='ltr'>reditu</span> <span class='ocrx_word' id='word_1_226' title='bbox 375 2594 478 2645; x_wconf 68' lang='lat' dir='ltr'>victima</span> <span class='ocrx_word' id='word_1_227' title='bbox 495 2603 562 2643; x_wconf 80' lang='lat' dir='ltr'>vota</span> <span class='ocrx_word' id='word_1_228' title='bbox 578 2595 662 2643; x_wconf 87' lang='lat' dir='ltr'>cadet.</span> 
     </span>
     <span class='ocr_line' id='line_1_38' title="bbox 42 2655 731 2725; baseline -0.001 -14"><span class='ocrx_word' id='word_1_229' title='bbox 42 2706 47 2725; x_wconf 78' lang='grc'><strong><em>,</em></strong></span> <span class='ocrx_word' id='word_1_230' title='bbox 64 2665 149 2725; x_wconf 83' lang='lat' dir='ltr'>Inque</span> <span class='ocrx_word' id='word_1_231' title='bbox 164 2659 217 2710; x_wconf 87' lang='lat' dir='ltr'>tori</span> <span class='ocrx_word' id='word_1_232' title='bbox 234 2658 343 2710; x_wconf 81' lang='lat' dir='ltr'>sormam</span> <span class='ocrx_word' id='word_1_233' title='bbox 359 2660 451 2710; x_wconf 75' lang='lat' dir='ltr'>moller</span> <span class='ocrx_word' id='word_1_234' title='bbox 473 2655 618 2708; x_wconf 76' lang='lat' dir='ltr'>sternentur</span> <span class='ocrx_word' id='word_1_235' title='bbox 637 2672 731 2715; x_wconf 72' lang='lat' dir='ltr'>arenoe·</span> 
     </span>
     <span class='ocr_line' id='line_1_39' title="bbox 97 2721 670 2791; baseline -0.012 -10"><span class='ocrx_word' id='word_1_236' title='bbox 97 2733 127 2781; x_wconf 84' lang='lat' dir='ltr'>Et</span> <span class='ocrx_word' id='word_1_237' title='bbox 144 2726 257 2776; x_wconf 81' lang='lat' dir='ltr'>tumulus</span> <span class='ocrx_word' id='word_1_238' title='bbox 270 2725 365 2776; x_wconf 79' lang='lat' dir='ltr'>mensae</span> <span class='ocrx_word' id='word_1_239' title='bbox 376 2744 377 2747; x_wconf 45' lang='lat'>¹</span> <span class='ocrx_word' id='word_1_240' title='bbox 387 2723 495 2791; x_wconf 79' lang='lat' dir='ltr'>quilibet</span> <span class='ocrx_word' id='word_1_241' title='bbox 512 2721 590 2774; x_wconf 82' lang='lat' dir='ltr'>instat</span> <span class='ocrx_word' id='word_1_242' title='bbox 606 2725 670 2778; x_wconf 82' lang='lat' dir='ltr'>erit.</span> 
     </span>
     <span class='ocr_line' id='line_1_40' title="bbox 64 2789 606 2855; baseline -0.011 -9"><span class='ocrx_word' id='word_1_243' title='bbox 64 2793 125 2847; x_wconf 86' lang='lat' dir='ltr'>Illic</span> <span class='ocrx_word' id='word_1_244' title='bbox 139 2790 261 2855; x_wconf 72' lang='lat' dir='ltr'>apposito</span> <span class='ocrx_word' id='word_1_245' title='bbox 277 2791 392 2843; x_wconf 74' lang='lat' dir='ltr'>narrabis</span> <span class='ocrx_word' id='word_1_246' title='bbox 408 2789 487 2843; x_wconf 88' lang='lat' dir='ltr'>multa</span> <span class='ocrx_word' id='word_1_247' title='bbox 507 2796 606 2855; x_wconf 68' lang='lat' dir='ltr'>Lyaeo,</span> 
     </span>
     <span class='ocr_line' id='line_1_41' title="bbox 97 2857 669 2922; baseline -0.003 -12"><span class='ocrx_word' id='word_1_248' title='bbox 97 2868 171 2914; x_wconf 81' lang='lat' dir='ltr'>t‘anae</span> <span class='ocrx_word' id='word_1_249' title='bbox 193 2857 224 2910; x_wconf 88' lang='lat' dir='ltr'>stt</span> <span class='ocrx_word' id='word_1_250' title='bbox 242 2871 272 2910; x_wconf 88' lang='lat' dir='ltr'>ut</span> <span class='ocrx_word' id='word_1_251' title='bbox 284 2859 377 2910; x_wconf 77' lang='lat' dir='ltr'>mediis</span> <span class='ocrx_word' id='word_1_252' title='bbox 389 2859 484 2912; x_wconf 86' lang='lat' dir='ltr'>obruta</span> <span class='ocrx_word' id='word_1_253' title='bbox 500 2858 574 2910; x_wconf 82' lang='lat' dir='ltr'>navis</span> <span class='ocrx_word' id='word_1_254' title='bbox 588 2857 669 2922; x_wconf 75' lang='lat' dir='ltr'>aqule:</span> 
     </span>
     <span class='ocr_line' id='line_1_42' title="bbox 40 2925 779 2999; baseline 0.007 -20"><span class='ocrx_word' id='word_1_255' title='bbox 40 2976 47 2985; x_wconf 84' lang='grc'><em>,</em></span> <span class='ocrx_word' id='word_1_256' title='bbox 63 2929 195 2990; x_wconf 81' lang='lat' dir='ltr'>Dumq3ad</span> <span class='ocrx_word' id='word_1_257' title='bbox 205 2941 386 2989; x_wconf 75' lang='lat' dir='ltr'>mepropetat.</span> <span class='ocrx_word' id='word_1_258' title='bbox 395 2941 442 2977; x_wconf 84' lang='lat' dir='ltr'>nec</span> <span class='ocrx_word' id='word_1_259' title='bbox 451 2925 546 2988; x_wconf 84' lang='lat' dir='ltr'>iniquae</span> <span class='ocrx_word' id='word_1_260' title='bbox 557 2936 674 2990; x_wconf 82' lang='lat' dir='ltr'>tempora</span> <span class='ocrx_word' id='word_1_261' title='bbox 682 2926 779 2999; x_wconf 70' lang='lat' dir='ltr'>nollit,</span> 
     </span>
     <span class='ocr_line' id='line_1_43' title="bbox 97 2990 639 3055; baseline 0.002 -11"><span class='ocrx_word' id='word_1_262' title='bbox 97 2997 153 3044; x_wconf 82' lang='lat' dir='ltr'>Nec</span> <span class='ocrx_word' id='word_1_263' title='bbox 171 3006 198 3044; x_wconf 89' lang='lat' dir='ltr'>te</span> <span class='ocrx_word' id='word_1_264' title='bbox 215 2990 357 3055; x_wconf 73' lang='lat' dir='ltr'>pmciuitet</span> <span class='ocrx_word' id='word_1_265' title='bbox 376 2991 525 3045; x_wconf 75' lang='lat' dir='ltr'>extimuisse</span> <span class='ocrx_word' id='word_1_266' title='bbox 541 2996 639 3045; x_wconf 77' lang='lat' dir='ltr'>Notos·</span> 
     </span>
     <span class='ocr_line' id='line_1_44' title="bbox 64 3057 713 3189; baseline -0.002 -74"><span class='ocrx_word' id='word_1_267' title='bbox 64 3059 163 3115; x_wconf 81' lang='lat' dir='ltr'>omnia</span> <span class='ocrx_word' id='word_1_268' title='bbox 177 3074 232 3127; x_wconf 69' lang='lat' dir='ltr'>utu</span> <span class='ocrx_word' id='word_1_269' title='bbox 248 3061 450 3127; x_wconf 64' lang='lat' dir='ltr'>retirement,</span> <span class='ocrx_word' id='word_1_270' title='bbox 468 3059 520 3121; x_wconf 84' lang='lat' dir='ltr'>stnt</span> <span class='ocrx_word' id='word_1_271' title='bbox 535 3057 597 3115; x_wconf 71' lang='lat' dir='ltr'>fida</span> <span class='ocrx_word' id='word_1_272' title='bbox 614 3061 713 3189; x_wconf 44' lang='lat' dir='ltr'>limbi&amp;</span> 
     </span>
     <span class='ocr_line' id='line_1_45' title="bbox 228 3137 746 3181; baseline -0.004 1"><span class='ocrx_word' id='word_1_273' title='bbox 228 3162 231 3169; x_wconf 54' lang='lat'><strong>⁴</strong></span> <span class='ocrx_word' id='word_1_274' title='bbox 714 3137 746 3181; x_wconf 85' lang='lat' dir='ltr'>ut</span> 
     </span>
    </p>
   </div>
   <div class='ocr_carea' id='block_1_2' title="bbox 0 0 992 3550">
    <p class='ocr_par' dir='ltr' id='par_1_4' title="bbox 0 0 992 3550">
     <span class='ocr_line' id='line_1_46' title="bbox 0 0 992 3550; baseline 0 0"><span class='ocrx_word' id='word_1_275' title='bbox 0 0 992 3550; x_wconf 95' lang='lat' dir='ltr'> </span> 
     </span>
    </p>
   </div>
  </div>
 </body>
</html>
