1975 3550
250 186 272 237 L
304 188 317 239 1
350 192 371 243 Β
402 192 421 243 Ι
452 192 475 243 R
544 194 584 244 ll·
717 208 765 268 141

67 246 186 300 Humida
204 248 331 304 formosae
348 264 451 320 tangam
467 256 538 321 prius
556 274 602 311 ora
619 260 711 335 puelle.

98 321 218 368 Taurum
237 334 270 368 ne
288 318 382 383 fignem
398 324 492 387 scripta
508 325 620 377 dolenda
637 330 712 382 mrhi.

66 380 92 432 si
110 383 220 445 dabor,
238 396 269 434 ut
287 391 386 438 condar
401 391 509 452 loculis,
527 395 599 444 exire
616 394 726 459 negabo.

98 445 272 515 Adstringens
290 452 388 516 digitos
406 458 470 508 orbe
486 457 589 512 minore
605 471 675 511 tuos.

65 517 130 564 Non
148 531 201 583 ego
217 521 341 570 dedecori
359 522 407 574 tibi
425 524 493 586 sim,
513 540 569 577 mea
588 525 796 591 vita‚futurur‚·=

96 586 213 642 Qiodve
233 595 308 636 tener
323 587 419 650 digitus
437 591 506 643 ferre
525 594 724 658 recuser‚onus.

67 648 111 697 Me
127 664 190 713 gere
208 687 217 711 ‚
233 665 291 701 cum
310 654 398 706 calidis
406 659 789 717 perfunderisimbribusartuu

94 715 253 780 Damnaque
273 717 317 768 sub
333 736 431 784 gemma
450 726 536 785 perfer
552 729 636 779 euntis
653 743 733 789 aquae.

61 781 109 831 Sed
126 793 193 843 puto
211 794 240 836 te
259 787 327 835 nuda
343 802 397 839 mec
413 793 525 842 membru
542 792 654 847 libidine
672 800 789 867 surgent,

93 851 125 900 Et
144 864 265 915 peragam
283 863 369 913 partes
386 856 477 908 anulus
493 858 539 911 ille
556 862 618 913 viri.

62 913 141 965 Irrita
162 921 225 978 quid
243 932 336 969 voveo
350 921 365 972 ,θ
381 938 489 983 pravum
506 926 673 988 proficiscere
686 949 789 987 munus·
828 915 832 922 ⁴

15 1033 17 1042 ,
93 982 142 1040 llla
160 986 252 1037 datam
269 995 354 1038 recum
373 988 466 1042 sentiat
483 992 536 1047 else
553 994 640 1049 fidem.

76 1114 162 1181 Elegia
181 1123 257 1171 XVI·
275 1122 435 1187 aedAmicam,
452 1130 522 1179 iered
536 1146 593 1183 rura
604 1134 652 1195 sua
667 1138 769 1188 veniat.

61 1191 153 1306 PArs
167 1200 209 1236 me
228 1188 318 1239 Sulmo
335 1202 406 1243 tenet
424 1197 521 1259 l’clignr
540 1212 617 1250 terna
635 1205 718 1264 mrim

135 1259 219 1305 varva
237 1292 244 1314 ,
265 1255 306 1304 sed
318 1258 429 1322 ¹irriguis
445 1276 491 1311 ori
511 1263 619 1315 silubris
635 1269 720 1331 aquis·v

61 1315 107 1366 Sol
124 1316 186 1369 licet
205 1323 316 1376 admoto
335 1326 449 1378 tellurem
469 1327 551 1380 sidere
567 1327 650 1384 findat
665 1372 674 1398 ,

93 1388 123 1434 Et
140 1386 219 1437 micet
239 1389 315 1440 learii
336 1389 404 1443 stella
423 1406 549 1456 proterva
566 1398 653 1461 crnis;

62 1444 133 1500 Arva
149 1468 319 1510 pererrantur
337 1459 441 1522 l'cligna
460 1462 618 1526 liquentibus
636 1467 738 1521 undis.-

92 1523 122 1569 Er
140 1532 214 1570 viret
235 1521 261 1571 in
280 1535 371 1575 tenero
390 1526 482 1580 fertilis
502 1529 581 1581 herba
598 1532 667 1583 solo.
789 1598 792 1602 ¹

62 1586 139 1635 Terra
160 1586 236 1637 ferax
255 1591 357 1640 Cereris
374 1629 381 1650 ‚
399 1593 536 1659 multoque
553 1597 666 1651 feracior
684 1619 762 1661 uvoer

90 1653 146 1701 Dat
165 1667 273 1716 quoquc
292 1655 443 1709 bacciseram
464 1664 565 1714 Pallada
581 1678 669 1729 gratus
684 1684 744 1735 ager
759 1684 790 1737 e⁸

62 1714 159 1781 Perque
178 1719 423 1784 resurgentesrivrs
438 1726 585 1789 libentibus
604 1734 703 1786 herbas.

89 1786 248 1838 Gramineus
261 1791 390 1848 madidam
406 1794 489 1858 cespes
506 1799 645 1852 obumbrat
653 1804 769 1856 humum.

60 1853 95 1901 At
110 1866 182 1905 meus
199 1854 266 1917 ignis
285 1855 362 1907 abeli.
378 1860 463 1912 verbo
480 1876 642 1926 peccavimus
658 1884 723 1922 uno·

88 1923 150 1981 Quae
167 1934 260 1972 movet
277 1928 405 1988 ardores,
424 1927 462 1979 esti
477 1935 568 1993 procul
583 1952 591 1996 ;
608 1941 685 1987 ardor
705 1932 788 2005 adeste

59 1983 122 2033 Non
137 2001 187 2050 ego
204 2026 214 2049 ‚
231 1988 251 2038 sr
270 1993 367 2045 medius
384 1996 488 2048 Polluce
505 2005 529 2055 dr
548 2002 655 2056 Castore
671 2017 755 2066 ponar
772 2042 786 2073 2

89 2055 120 2100 ln
141 2054 197 2105 caelr
218 2053 272 2106 sine
289 2070 315 2109 te
332 2071 403 2120 parte
419 2062 495 2115 fuisse
513 2065 603 2125 velim·
733 2120 735 2125 ,
777 2126 781 2135 ⁴

59 2116 168 2169 Solliciti
186 2118 313 2189 iaceant,
334 2137 618 2193 terraqueprcmantur
634 2136 724 2202 iniqua
741 2176 751 2202 ,

61 2236 65 2243 ,
90 2188 120 2234 ln
139 2187 232 2254 longis
248 2190 337 2241 orbem
355 2195 398 2256 qui
418 2196 517 2250 secuere
537 2201 609 2258 vias,-¹

58 2251 112 2301 Aut
132 2250 260 2311 iuvenum
275 2260 385 2309 comites
404 2259 531 2319 iussissent
549 2266 585 2318 ire
602 2268 714 2334 puellas,

87 2316 113 2366 Si
129 2319 181 2372 suit
199 2322 227 2371 in
247 2321 339 2388 longas
356 2337 425 2379 terra
442 2328 549 2382 secanda
565 2337 632 2387 virs.

58 2384 124 2435 Tum
132 2385 215 2445 mihi,
232 2387 401 2450 fipremerem
414 2398 514 2449 ventos
513 2415 535 2449 ur
544 2401 665 2453 horridus
681 2404 756 2469 Alpes
770 2445 779 2470 ,

89 2452 257 2509 (Dummodo
275 2472 333 2509 cum
349 2461 473 2521 domina,
502 2466 581 2518 molle
599 2467 688 2520 fuisset
705 2473 763 2527 iter.
874 2525 875 2528 ,

57 2514 123 2565 Cum
140 2521 249 2571 dominu
267 2526 377 2590 Libycas
394 2528 473 2581 ausim
490 2548 654 2599 perrumpere
671 2545 778 2606 syrtes,

86 2587 117 2634 Et
136 2586 197 2637 dare
214 2603 269 2638 non
286 2596 365 2656 aequis
382 2596 438 2644 vela
455 2597 563 2651 ferenda
581 2606 674 2661 Notis.

57 2646 119 2697 Non
137 2687 146 2710 ,
165 2655 350 2719 quavirgineo
360 2674 483 2719 portenta
494 2665 777 2734 subinguinelattant3

90 2720 146 2775 ilec
163 2719 268 2769 timeam
284 2723 383 2776 veslros
399 2762 406 2786 ‚
422 2743 505 2780 curva
524 2734 629 2793 Malea,
650 2733 717 2787 sinus
736 2756 746 2787 .-
773 2784 777 2795 ,

56 2777 119 2831 Non
137 2799 188 2846 qua
205 2786 338 2841 submersis
356 2792 455 2847 ratibus
472 2795 581 2849 saturata
601 2801 750 2870 Charybdis

87 2851 206 2914 runnu,
223 2856 248 2906 dr
263 2856 354 2908 effusas
374 2875 423 2911 ore
442 2862 559 2916 resorbet
576 2882 661 2932 aquas·

58 2912 133 2972 Quod
152 2916 169 2964 ri
191 2924 306 2983 Neptuni
325 2927 435 2978 ventosa
452 2933 571 2991 potentia
591 2935 694 3002 vincit,

87 2982 118 3028 Et
134 2980 309 3040 subventuros
328 2991 428 3045 auferet
445 3000 514 3049 unda
531 3003 625 3066 Deos;

51 3041 97 3094 Tu
112 3045 207 3107 nostris
221 3056 317 3121 piveos
332 3057 447 3119 humeris
464 3064 573 3132 impone
587 3071 709 3192 lacertocs·

700 3154 744 3191 ot·
