1975 3550
251 210 277 259 Η
295 207 352 260 ER
375 207 395 256 C
414 213 437 262 U
459 214 478 262 L
499 216 528 262 1.
683 216 714 269 45

15 280 89 329 Ante
109 285 186 327 meos
205 272 296 324 oculos
312 274 449 327 adducitur
466 279 564 327 advena
581 274 679 337 pellex:

44 347 109 395 Nec
130 339 198 390 mibi
218 377 225 400 ,
244 354 298 403 quae
316 339 425 401 patior,
443 341 596 394 diiiirnulare
612 342 683 390 licet.

14 415 82 463 Non
104 407 171 458 sanir
189 408 272 456 averti
290 408 301 454 ἓ
318 406 429 457 inediam
448 409 552 471 captiva
568 423 612 471 per
630 408 722 457 urbem

49 474 159 528 Invitis
177 472 259 524 oculis
278 469 423 532 aspidendt
441 476 524 526 venit.

16 547 76 595 Nec
94 539 178 590 venit
198 538 303 588 incultis
320 550 451 591 cantarunt
469 555 543 593 more
558 537 657 604 capillis
676 575 685 598 2

50 614 201 662 Fortunam
219 605 304 655 vultus
322 602 385 654 fallu
403 610 518 670 tegendo
538 610 606 658 suos.

18 671 183 742 {ngreditur
204 668 256 721 lrt'e
275 669 328 719 luto
347 670 491 737 stellabilis
508 689 590 725 auro:

51 740 180 802 Qualiter
195 737 222 786 in
241 736 351 799 Phrygia
366 749 394 786 tu
414 755 518 804 quoque
534 740 617 791 cultus
633 752 697 790 tras.

19 809 75 860 Dat
93 805 202 855 vultum
219 804 315 865 populo
334 801 440 855 sublime
458 807 504 858 sub
520 808 631 859 Hercule
650 803 748 862 visto:

51 869 218 925 OEchalianr
234 869 302 918 vivo
320 866 383 919 stare
400 884 504 932 parente
522 886 603 935 puter.

21 938 150 995 fortir-iu
171 939 195 987 ur
213 973 220 995 ‚
237 933 308 997 pulsa
329 937 445 989 AEtolide
462 938 587 1000 Deianira
605 977 613 1002 ‚

52 1004 181 1056 Nomine
199 1000 318 1063 deposito
338 1002 458 1065 pellicis,
475 1020 544 1056 uxor
561 1007 613 1056 erit
629 1019 637 1056 r

22 1068 226 1136 Eurytidosque
241 1068 312 1134 Joles
329 1106 336 1130 ‚
356 1079 434 1133 etque
452 1071 533 1122 insani
554 1072 650 1123 Alcidae

58 1137 162 1198 Turpia
178 1133 292 1185 famolirs
308 1149 419 1196 corpora
436 1136 523 1202 junget
540 1144 663 1202 Hymen·

26 1209 107 1257 Mens
125 1201 193 1266 fugit
203 1202 338 1252 admonitu
349 1198 496 1267 ‚frigusque
508 1205 664 1265 perambulat
675 1212 755 1263 artur,

60 1277 91 1324 Et
110 1264 180 1329 iacet
199 1267 339 1331 ingrernio
357 1266 555 1331 languidarum
574 1283 671 1319 manus.

28 1337 75 1389 Me
93 1348 266 1401 quoquecum
273 1332 413 1391 multidico
424 1350 463 1384 rne
472 1336 525 1386 sine
534 1336 643 1387 crimine
652 1331 736 1386 amasti
747 1347 756 1386 z

59 1407 105 1455 Ne
123 1401 211 1465 pigeat
232 1414 345 1462 ,pugne
362 1399 400 1450 bis
417 1400 464 1451 tibi
482 1403 556 1453 causa
574 1399 624 1452 fui.

30 1472 143 1523 Cornua
161 1466 226 1515 flens
243 1465 306 1530 legit
324 1466 385 1527 ripis
405 1469 536 1521 Achelous
553 1470 581 1519 in
599 1467 673 1530 udis,

61 1541 222 1596 Truncaque
239 1529 330 1583 limosa
347 1545 465 1594 tempora
482 1535 570 1587 mersit
588 1548 663 1599 aqua.

33 1600 149 1655 Semivir
165 1597 289 1650 occubuit
306 1598 332 1647 in
350 1597 455 1650 letifero
473 1606 565 1654 Eueno

65 1665 163 1721 Neffur
178 1668 222 1728 3&
240 1662 329 1714 infecit
350 1664 448 1728 sanguis
464 1670 573 1731 equinus
591 1680 677 1729 aquas.

32 1737 83 1790 Sed
104 1732 165 1798 quid
182 1747 231 1798 ego
250 1731 304 1783 lraec
323 1730 428 1783 refero?
443 1731 567 1788 scribenti
583 1725 759 1784 nunciavenit

66 1810 145 1857 Fama
162 1838 169 1864 ‚
187 1800 273 1850 virum
289 1798 383 1849 tunicae
400 1799 460 1851 tabe
475 1802 560 1864 perire
577 1814 647 1849 meae.

35 1869 87 1922 Hei
99 1866 161 1916 milri
174 1871 186 1916 i
204 1866 266 1928 quid
276 1863 326 1915 feci
336 1870 347 1915 ἓ
356 1880 409 1929 quo
418 1866 605 1930 mefrrroregit
621 1862 760 1916 amantem?

65 1933 152 1995 Impia
169 1933 231 1994 quid
249 1929 350 1982 dubitas
368 1931 490 1995 Deianira
506 1934 589 1985 mori?

36 2006 80 2056 An
96 2011 155 2052 tuus
171 1999 198 2048 in
217 1999 301 2047 media
316 1996 415 2060 coniux
433 1997 588 2052 lacerabitur
604 2002 694 2053 OEta?

68 2069 110 2122 Tu
131 2064 232 2115 sceleris
250 2064 315 2114 tanti
334 2063 408 2115 causa
423 2065 544 2129 superstes
560 2066 641 2118 eris?

38 2135 65 2188 si
86 2133 150 2197 quid
167 2130 249 2184 adhuc
265 2128 349 2182 habeo
366 2130 426 2182 fasti
446 2171 454 2194 ‚
471 2148 519 2183 cur
535 2133 653 2184 Herculis
668 2143 738 2181 uxor

70 2199 171 2250 Credat
187 2215 195 2258 3
214 2195 328 2260 coniugii
346 2212 417 2250 mors
433 2199 498 2249 inihi
516 2199 609 2263 pignus
626 2198 694 2249 erit.

40 2273 82 2322 Tu
103 2279 208 2330 quoque
225 2262 366 2329 cognoscet
384 2265 477 2327 inme,
493 2263 764 2327 Meleagre,sororenr‚

74 2331 159 2394 lmpia
175 2329 235 2394 quid
253 2330 354 2380 dubitas
372 2327 496 2391 Deianira
513 2330 581 2382 niori
599 2330 612 2378 r'

43 2405 102 2455 Heu
119 2401 218 2448 devota
235 2397 347 2448 domus!
366 2397 432 2448 solio
451 2396 520 2449 sedet
537 2397 633 2460 ngrios
651 2395 705 2448 alto
726 2409 736 2440 r

76 2469 171 2517 OEnea
186 2461 314 2514 desertum
330 2466 398 2515 nuda
413 2461 513 2515 senefia
531 2465 632 2528 premit.

48 2538 105 2590 Exti
117 2540 143 2580 at
166 2528 265 2592 ignotis
282 2533 388 2593 Tydeus
403 2546 540 2594 germanus
557 2530 585 2581 in
603 2529 666 2581 oris·

82 2597 159 2650 nlrer
174 2594 244 2646 fatali
262 2595 340 2646 vivus
357 2598 383 2647 io
402 2598 463 2662 igne
480 2596 540 2649 fuit.

48 2664 139 2729 Exegit
153 2659 250 2713 ferrum
266 2659 310 2711 sua
327 2677 371 2725 per
387 2664 532 2724 praecordia
540 2674 633 2713 mater.

78 2728 164 2792 Impia
180 2728 241 2792 quid
258 2726 361 2780 dubitas
377 2725 500 2792 Dejrnira
518 2730 587 2780 mori
606 2729 621 2779 ,θ

49 2801 185 2859 Deprecor
204 2795 257 2846 hoc
274 2808 353 2846 unum
374 2833 381 2859 ,
401 2810 446 2857 per
466 2794 522 2859 jura
538 2793 673 2847 sacerrima
691 2792 768 2858 lrtli4

79 2868 121 2916 Ne
136 2862 228 2914 videar
245 2859 305 2912 fatis
321 2860 442 2912 insidiata
459 2863 521 2914 tuis.

51 2929 160 2994 titilus,
173 2940 203 2981 ut
216 2925 252 2978 est
269 2927 373 2978 avidum
387 2926 515 2991 perculsus
530 2928 657 2981 arundine
671 2928 766 2994 pedus,

81 2996 133 3049 nic
148 3033 156 3060 ,
172 2995 242 3046 dixit
258 3029 266 3057 ,
283 2992 352 3046 vires
372 2993 472 3060 sanguis
488 2998 585 3048 amoris
601 2997 696 3050 habet.

49 3061 123 3116 uuita
138 3060 235 3117 uedeo
250 3056 322 3111 iniit
338 3060 388 3114 tibi
406 3072 477 3115 texta
492 3077 616 3116 veneno.

687 3135 741 3181 Im.
793 3129 797 3136 ’
