1975 3550
213 156 247 207 28
437 155 482 210 OE
498 158 524 209 N
542 151 610 209 O'N
629 160 647 212 E

212 227 250 275 Ut
267 218 332 273 mihi
348 219 453 276 narrasti
473 263 481 285 ,
497 227 562 274 dura
577 240 623 287 per
639 222 696 276 oll'a
708 231 818 277 tremor.

181 286 308 340 Consului
325 289 500 354 (nequeenim
513 292 616 341 modice
628 291 759 353 tundat)
768 289 903 358 anusque,

214 356 409 420 Longoevosque
427 355 518 408 senes:
538 355 656 409 constitit
673 357 726 409 erle
742 356 829 423 neria,

183 420 255 473 Caesa
269 422 338 472 abies
353 460 360 484 ‚
375 420 498 487 seneque
507 423 594 474 trabes
609 462 616 488 ,
635 427 660 476 dr
676 462 683 487 ‚
698 423 776 475 dune
789 434 878 488 parata
895 461 906 490 ‚

215 486 319 539 Caerula
335 500 431 544 ceratas
444 488 541 551 accipit
555 494 623 545 unda
641 500 719 542 rates.

182 552 255 612 flesti
274 554 431 608 discedens:
449 555 502 608 hoc
516 555 605 606 saltem
622 571 696 618 parce
711 570 812 622 negate·

215 624 351 678 Praeterito
365 623 446 687 enagir
458 621 495 673 est
510 621 556 672 iste
569 624 701 687 pudendus
716 637 800 675 amora

183 693 215 741 Et
231 687 297 738 flesti
313 727 321 751 ‚
338 688 481 747 &nostroe
493 686 585 739 vidisti
600 688 688 739 dentis
706 689 816 741 ocellos·

216 754 367 808 Miscuimus
384 755 509 821 lacrymas
523 753 626 806 incestus
639 767 747 821 uterque
760 755 823 806 suas.

183 823 248 873 Non
267 818 301 870 stc
319 821 443 884 appositis
458 820 575 873 vincitur
589 821 688 873 vitibus
703 823 785 887 ulmus
801 858 810 884 ,

215 892 250 940 Ur
266 897 309 937 tua
326 885 385 938 sunt
403 889 475 939 collo
492 887 595 939 brachia
612 903 678 939 nexa
694 904 763 939 tneo.

183 954 226 1006 Ah
244 953 346 1017 quoties
363 992 371 1013 ‚
390 968 450 1005 curn
465 967 492 1005 re
511 966 596 1007 vento
613 969 748 1019 quererere
762 951 847 1004 teneri
866 989 876 1015 ‚

214 1020 338 1070 Riserunt
355 1021 484 1071 comites!
503 1020 545 1070 ille
564 1020 687 1073 secundus
702 1033 768 1073 erar·
828 1066 840 1072 -

183 1085 279 1139 Oscula
297 1085 405 1136 dimissae
420 1087 525 1151 quoties
540 1092 648 1150 repetita
661 1086 774 1138 dedisti!

214 1159 296 1217 Quam
310 1151 358 1203 vix
373 1150 492 1204 sustinuit
505 1153 592 1206 dicere
606 1154 692 1218 lingua·
708 1193 716 1216 ‚
730 1154 816 1205 Valel

180 1225 255 1275 ‘nura
270 1219 335 1277 levis
350 1217 434 1284 rigido
449 1220 587 1282 pendentia
600 1220 682 1270 lintea
696 1221 767 1279 malo

215 1287 347 1349 Suscitat3
363 1288 477 1339 &remis
492 1297 565 1339 eruta
580 1299 656 1341 canet
669 1301 744 1352 aqua·

184 1355 333 1421 Prosequor
347 1351 440 1404 infelix
456 1352 541 1405 oculis
552 1350 674 1405 abeuntia
688 1353 746 1403 vela
764 1391 773 1418 ‚

215 1427 272 1485 Qua
286 1420 351 1470 licet
367 1438 376 1481 3
390 1422 414 1470 dr
429 1419 553 1484 lacrymis
567 1420 654 1471 humet
669 1433 747 1470 arena
760 1418 833 1472 eneis·

184 1493 273 1551 thue
287 1487 356 1538 celer
369 1485 459 1538 veniae
473 1488 574 1538 virides
586 1486 713 1537 Nereidae
727 1500 788 1537 oro.

215 1554 319 1605 Scilicet
335 1562 365 1605 ut
382 1552 471 1604 veniae
489 1553 516 1603 in
534 1567 590 1603 mea
606 1555 699 1604 damna
718 1553 794 1605 celer·

184 1620 263 1673 Votis
278 1635 340 1698 ergo
357 1620 418 1670 meis
433 1617 491 1671 aliie
509 1620 626 1670 rediture
642 1616 730 1670 redisti
751 1623 763 1670 ἓ

216 1688 268 1740 Hei
285 1686 370 1746 inriti,
393 1700 441 1748 pro
454 1685 512 1735 dira
526 1685 618 1748 pellice
634 1685 726 1737 blanda
743 1684 805 1736 sni!

185 1754 287 1819 Aspicit
302 1751 452 1806 immensum
466 1753 547 1805 moles
562 1753 652 1804 nativa
668 1751 853 1816 profundum

218 1827 299 1874 Mons
310 1819 362 1871 luit
377 1819 528 1881 :aequoreis
543 1819 588 1869 illa
603 1817 694 1870 resistir
712 1819 795 1883 aquis.

186 1889 259 1944 Hine
276 1900 325 1949 ego
344 1883 405 1935 vela
424 1896 473 1935 tuae
492 1887 610 1949 cognovi
627 1886 709 1949 prima
724 1887 843 1936 carinae:

217 1960 248 2008 Et
264 1952 330 2001 mihi
348 1964 393 2014 per
409 1949 503 2001 fluetus
519 1951 625 2014 impetus
644 1953 681 2004 ire
698 1950 761 2003 fuit.

185 2024 257 2074 Dum
270 2031 379 2080 moror,
395 2016 608 2069 insumrnafullit
619 2019 684 2070 mihi
693 2030 807 2082 purpura
820 2031 912 2081 prora.

216 2083 340 2141 pertimui
359 2100 369 2131 .·
389 2083 471 2134 cultus
488 2097 546 2134 non
563 2096 617 2137 erat
634 2086 676 2137 ille
692 2096 760 2137 tuus·

185 2154 226 2209 rit
243 2151 373 2216 propior,
389 2148 523 2214 terrasque
536 2152 590 2202 cita
603 2152 665 2203 ratic
680 2152 769 2218 attigit
784 2163 845 2201 aura
860 2161 871 2196 .·

216 2219 358 2274 foemineae
372 2218 428 2267 vidi
444 2219 525 2268 corde
539 2229 665 2270 tremente
679 2233 764 2283 genas.

147 2276 152 2287 ’
184 2291 251 2341 Non
266 2285 327 2336 satis
335 2284 361 2336 id
376 2283 478 2335 fuerat:
494 2284 557 2348 quid
572 2285 641 2336 eninr
656 2286 755 2336 furiosa
771 2280 913 2334 morabar?

218 2352 342 2407 Haerebat
354 2350 454 2415 premio
472 2351 555 2411 turpis
570 2352 650 2401 amica
667 2360 724 2402 tuo.

184 2425 260 2474 Tunc
276 2431 344 2468 vero
363 2416 472 2479 rupique
489 2412 558 2466 linus
576 2454 583 2478 ,
599 2421 623 2468 dr
641 2415 745 2477 peoora
761 2412 851 2479 planxi
868 2451 877 2479 ,

215 2490 247 2538 Et
263 2481 332 2535 secui
347 2481 459 2533 madidas
477 2493 563 2544 ungue
577 2482 678 2546 rigente
690 2494 768 2544 genas
783 2498 794 2530 .·

184 2552 349 2617 Inplevique
365 2547 461 2599 sacrum
477 2545 593 2610 querulis
609 2548 750 2599 ululatibus
766 2550 844 2602 Iden·

183 2643 189 2654 =
217 2618 296 2672 lllinc
310 2616 357 2668 has
369 2615 494 2681 lacrymas
507 2613 535 2665 iu
550 2628 605 2665 mea
619 2614 681 2667 saxa
693 2613 752 2667 tuli.

185 2686 227 2740 Sic
247 2685 351 2738 Helene
367 2683 470 2742 doleat,
489 2679 638 2745 desertaque
652 2680 764 2749 conjuge
782 2684 871 2748 ploret
885 2700 894 2749 ς

216 2758 330 2816 Quaeque
348 2750 422 2814 prior
438 2747 514 2799 nobis
530 2748 623 2799 intulit
640 2786 649 2814 ,
666 2751 719 2814 ipsa
737 2751 812 2803 ferar.

186 2819 322 2872 Nunctibi
333 2816 657 2879 conveniunt‚quaeteper
669 2827 757 2881 aperta
771 2817 911 2879 sequantur

217 2887 337 2947 AEquora
354 2920 362 2945 ‚
377 2882 510 2948 legitimos
522 2878 711 2946 deditumque
724 2884 808 2933 viros·

188 2953 223 3002 At
241 2964 299 2999 curn
313 2962 410 3015 pauper
424 2961 479 2999 erar
495 2985 504 3011 ,
519 2959 682 3011 armentaque
697 2945 781 3009 pallor
794 2947 907 3015 agebat,

217 3014 297 3070 Nulla
311 3052 321 3083 ,
335 3013 384 3066 nili
399 3016 518 3069 oudone
531 3050 540 3081 ,
556 3028 671 3080 pauperu
683 3027 754 3068 uxor
766 3026 832 3069 erae.

805 3087 870 3137 Non
