1975 3550
232 173 267 223 26
361 163 523 222 PHAEDRA
541 160 761 215 Hieeoulm.

234 229 339 288 Rustico
355 237 469 286 Saturno
487 244 565 295 regna
582 240 687 281 tenente
705 263 713 289 ,
730 225 792 276 fuit·

202 304 305 375 Jupiter
322 300 376 352 elle
390 298 461 362 pium
478 294 568 348 statuit
585 299 759 359 quodeunque
775 290 913 354 juvaret:
937 318 941 322 ·

237 375 269 424 Et
284 367 322 421 sas
339 380 416 419 omne
433 362 495 416 facit
512 362 591 414 srarre
609 363 701 413 marita
717 362 805 410 soror.

207 437 257 490 Illa
274 436 328 487 eoit
343 432 416 483 firma
430 431 530 496 generis
546 429 665 491 iunslura
681 438 771 478 eatena
787 463 796 490 ,

239 501 367 565 Imposuit
385 503 473 550 nodos
490 495 532 547 eui
549 501 636 548 Venus
653 494 705 560 ipsa
722 494 807 546 suos„

209 574 266 627 Nec
282 568 356 621 labor
372 564 406 617 est
422 583 431 627 ;
451 561 536 615 celare
552 562 623 616 licet.
639 574 698 624 pete
716 575 808 615 munus
822 562 855 614 ab
878 561 938 615 illa.
985 616 986 621 ,

242 640 365 700 cognato
385 633 483 695 poterit
503 631 609 680 nomine
626 628 700 692 culpa
717 629 778 693 tegi.

210 704 315 756 Viderit
332 701 462 764 amplexos
478 695 571 760 aliquis
589 717 601 757 ;
617 693 775 748 laudabimur
791 696 881 746 ambo.

243 771 322 821 Dicar
338 767 463 830 privigno
478 762 530 814 fida
544 779 661 817 noverca
675 776 744 815 meo.

213 840 277 889 Non
295 834 344 886 tibi
363 847 407 899 per
423 830 543 885 tenebras
559 832 616 881 duri
634 829 769 882 reseranda
782 826 871 894 mariti

135 913 139 924 “
243 906 325 970 Ianua
344 939 353 963 ‚
370 912 426 950 non
444 895 528 951 tullos
543 897 709 960 decipiendus
723 893 783 946 erit.

215 973 253 1023 Ut
272 967 361 1020 tenuit
376 968 470 1016 domus
484 976 537 1014 utta
554 965 738 1024 duos‚d0mus
752 972 804 1017 una
821 959 944 1013 tenebit·

243 1033 340 1086 oscula
354 1042 441 1094 aperta
457 1029 535 1082 dabas
552 1069 561 1093 ,
578 1029 665 1081 oscula
682 1036 770 1091 aperta
781 1023 863 1075 dabis.

215 1108 299 1155 Tutus
312 1102 363 1151 erle
380 1112 479 1148 mecum
498 1135 506 1160 ‚
523 1097 675 1160 laudemque
690 1092 821 1146 merebere
840 1092 917 1156 culpa
936 1110 947 1160 ;
985 1116 986 1123 ¹

247 1175 289 1223 Tu
306 1168 366 1219 licet
382 1164 409 1217 in
427 1162 495 1216 laeto
514 1164 672 1225 conspiciare
688 1175 761 1211 meo·

220 1235 298 1307 Tolle
313 1247 401 1287 moras
419 1241 530 1288 tantum,
548 1239 732 1297 properataque
742 1226 841 1276 soedera
853 1222 947 1291 iunge,

248 1301 299 1366 Qui
315 1300 381 1352 milri
398 1312 468 1350 nune
485 1295 559 1348 saevit
577 1335 585 1359 ‚
603 1296 637 1349 sie
652 1295 700 1347 tibi
717 1302 804 1355 pareat
823 1300 920 1343 Amor.

218 1383 287 1445 Non
298 1383 353 1432 ego
366 1367 491 1428 dedignor
506 1361 610 1424 supplex
627 1359 780 1422 humilisque
797 1359 910 1419 precari·

251 1442 309 1488 Heu
325 1442 335 1485 l
352 1434 485 1485 ubi¹nunc
504 1428 599 1491 sallus,
616 1429 718 1489 altaque
735 1425 818 1476 verba
835 1424 948 1487 jacent?

220 1521 252 1569 pt
269 1514 382 1564 pugnare
398 1497 442 1550 diu
459 1533 466 1557 ‚
487 1507 534 1548 nec
550 1511 590 1547 me
609 1493 767 1547 summittere
784 1491 863 1552 culpae

256 1571 334 1618 Certa
351 1566 390 1618 sui
408 1580 415 1618 ε
436 1562 501 1613 certi
520 1563 538 1612 si
557 1561 619 1625 quid
636 1560 742 1613 baberet
760 1563 855 1609 Amor.

222 1633 298 1695 villa
314 1645 407 1694 precor
425 1665 434 1692 ‚
451 1628 607 1694 genibusque
621 1629 674 1680 tuis
690 1624 783 1689 regalia
797 1625 879 1674 teudo

257 1703 374 1763 Brachia·
391 1697 454 1763 quid
472 1698 578 1757 deceat,
599 1710 654 1747 nou
671 1693 746 1744 videt
763 1687 830 1743 ullus
847 1705 950 1744 amane·
974 1744 979 1753 ,

224 1771 368 1839 Depuduit‚
383 1761 557 1830 profugusque
569 1765 654 1825 pudor
670 1760 714 1813 sna
729 1756 798 1821 slgna
813 1757 951 1824 relinquit·

258 1846 299 1894 Ba
316 1836 420 1888 veniam
436 1828 506 1882 sail'ae
526 1866 534 1890 ,
550 1832 665 1893 (luraque
681 1825 762 1877 corda
778 1823 866 1872 doma.

227 1915 288 1972 Qio
304 1903 368 1953 milii
387 1897 484 1999 ‚²quod
503 1894 623 1964 genitor,
642 1893 685 1961 qui
702 1886 815 1956 possidet
831 1903 953 1957 aequora,

296 1968 408 2025 Minos.

259 2038 338 2101 Quod
355 2029 463 2082 veniant
480 2026 573 2091 proavi
591 2023 700 2075 fulmina
716 2034 787 2073 totta
803 2035 879 2073 manu
897 2024 911 2073 ἓ

230 2104 308 2168 Qioel
325 2100 357 2150 sit
373 2110 436 2147 avus
452 2131 460 2156 ,
477 2094 555 2143 radiis
570 2092 686 2146 frontem
701 2088 813 2140 vallatus
830 2088 934 2152 acutis,

262 2178 393 2229 Purpureo
411 2162 530 2224 tepidum
546 2159 589 2226 qui
608 2166 698 2209 movet
717 2168 764 2204 axe
782 2156 877 2206 diem?

231 2234 365 2292 Nobilitas
382 2228 427 2280 sub
446 2236 545 2280 Amore
560 2225 636 2287 iacet·
653 2221 774 2272 miserere
791 2220 925 2282 priorum.-

262 2309 294 2358 Et
310 2340 317 2362 ‚
334 2298 398 2349 milii
414 2295 432 2345 sa
451 2308 506 2343 non
523 2293 563 2343 vis
579 2303 707 2353 parcere,
725 2301 800 2347 parce
816 2286 890 2339 mels.

231 2368 273 2427 Est
289 2366 354 2419 milii
370 2362 465 2413 dotalis
481 2358 558 2410 tellus
572 2356 650 2423 lovis
667 2352 752 2405 insula
767 2356 858 2404 Crete.

156 2474 158 2478 .
264 2433 364 2487 Serviat
378 2426 528 2489 Hippolyto
545 2422 614 2486 regia
630 2431 689 2471 tota
703 2433 773 2471 meo.

233 2498 315 2561 flesto
331 2496 399 2548 seros
417 2494 530 2546 animos.
544 2486 630 2550 potuit
646 2498 812 2547 corrumpere
828 2493 938 2539 taurum

268 2571 365 2621 Mater,
381 2560 432 2612 erit
447 2568 523 2609 tauro
542 2554 637 2605 sevior
654 2550 708 2617 ipse
722 2552 815 2604 truci?

235 2644 284 2698 Per
301 2637 427 2685 Venerem
441 2637 527 2690 pareas
539 2619 778 2684 oroqquaeplurima
792 2633 891 2672 mecum
907 2616 958 2669 est.-

267 2702 309 2755 Sic
327 2708 457 2761 uunquam
473 2729 482 2755 ‚
501 2699 597 2752 quaere
616 2686 735 2748 spernere
757 2684 835 2750 possit
856 2700 962 2752 ,amen

238 2770 279 2824 sie
291 2765 343 2816 tibi
357 2760 461 2814 seeretis
474 2759 546 2824 agilis
560 2759 614 2806 Dea
629 2752 735 2804 saltibus
747 2752 814 2805 adsit
831 2790 840 2815 ,
945 2800 947 2804 .

272 2831 395 2893 Silvaque
410 2826 551 2890 perdendas
568 2820 680 2885 prebeat
702 2819 755 2870 alta
769 2820 848 2871 serae.

241 2902 282 2954 Sic
298 2900 404 2950 faveant
419 2890 507 2958 satyri
522 2928 531 2954 ‚
544 2898 720 2948 montanaque
734 2886 840 2936 numina
854 2886 962 2948 l’anee:

174 3023 176 3032 A
240 3020 243 3026 ,
271 2974 303 3025 fit
316 2964 391 3014 caelat
403 2956 512 3009 adversa
526 2955 629 3018 cuspide
648 2948 729 3003 fossus
742 2966 812 3013 aper.

240 3033 284 3089 sie
299 3028 350 3082 tibi
371 3029 434 3080 deut
447 3024 576 3091 Nympha
594 3028 605 3079 l
624 3017 741 3083 quamve
754 3012 840 3070 odisse
846 3014 964 3134 1puaellae.

874 3093 926 3134 lc!-
