1975 3550
253 131 619 185 Hipporum·
735 146 766 196 ²3

67 194 392 265 kerlegequodeunffieli·
402 198 461 260 quid
471 194 577 258 epistola
593 196 656 248 leste
672 198 797 249 nocebit?

100 274 143 321 Te
157 265 302 331 quoque,in
312 262 548 329 hacaliquid‚quod
557 259 694 325 juveness‘e
702 263 796 331 potest?

63 334 115 393 nie
137 345 235 383 arcana
252 330 324 382 notis
339 340 408 381 terra
427 328 570 392 pelagoque
585 331 723 382 feruntur:

97 397 217 462 Inspicit
236 408 351 459 acceptas
369 393 449 445 hostis
468 395 500 449 ab
516 393 590 446 hoste
607 410 695 448 noras·
729 414 731 419 ’

63 471 120 520 Ter
139 477 228 516 tecum
246 474 341 527 conata
358 461 431 526 loqui
448 472 515 523 ‚.ter
532 462 634 514 inutilis
650 461 724 514 lraesrr

96 531 206 595 Lingua
216 536 281 593 ‚ter
296 530 324 580 in
342 530 428 593 primo
445 526 548 595 destitit
562 544 609 580 ore
626 530 714 579 sonus.
771 576 794 589 ,.

62 603 124 663 Qua
139 597 205 647 licet
222 600 246 648 δι
262 595 394 660 sequitur,
407 598 491 656 pudor
508 592 796 650 elim²scendusamor10

94 666 195 724 Dicere
214 679 269 728 quae
287 662 395 724 puduit,
413 660 525 712 seribere
544 658 612 722 iuffir
628 667 720 713 Amor.
793 709 798 714 .

63 730 207 795 Qridqurd
225 736 306 782 Amor
322 725 390 793 jussu
400 766 408 790 ‚
420 724 795 782 nonesteontemneretutum.

97 801 222 863 Regnat,
239 798 262 847 dr
282 792 309 844 in
325 794 448 845 dominos
465 789 504 856 jus
522 793 598 845 habet
617 793 659 846 ille
679 798 760 849 Deos.

63 862 115 918 Ille
135 864 203 913 milri
221 861 306 924 urimo
325 859 458 912 dubitanti
476 860 603 922 scribere,
621 861 709 926 dixit,

94 929 210 990 Scribe,
226 927 298 993 dabir
317 927 399 977 villas
418 926 515 979 ferreus
531 927 574 978 ille
591 943 690 979 manus·
786 990 788 994 Ι

67 996 165 1060 Absit,
184 997 224 1057 tr,
241 1004 270 1046 ut
287 991 383 1046 nostras
392 993 473 1045 avido
491 993 569 1045 fovet
587 995 647 1060 igne
662 997 795 1064 medullas,

97 1065 178 1129 Figat
198 1061 233 1112 src
248 1060 350 1111 animos
368 1060 395 1110 in
413 1075 468 1113 mea
484 1072 551 1114 vota
568 1070 638 1113 tuos.

64 1131 132 1180 Non
153 1143 205 1193 ego
223 1126 339 1191 nequitia
355 1125 460 1181 socialia
478 1128 576 1179 foedera
593 1144 716 1191 rumpam.

92 1195 198 1260 Fama(
219 1193 300 1244 velim
313 1208 409 1257 quaeras
424 1193 434 1257 l
451 1194 558 1245 crimine
576 1193 662 1245 nostra
677 1204 763 1246 vacat.

64 1262 146 1317 Venit
169 1267 253 1312 Amor
269 1260 390 1325 gravius,
407 1275 460 1324 quo
478 1259 568 1311 serius·
587 1262 685 1311 urimur
704 1261 793 1324 intur,

94 1328 238 1386 Urimur;
254 1328 277 1378 dr
295 1341 387 1377 caecum
405 1325 511 1388 nestora
528 1325 622 1377 vulnus
639 1326 742 1377 hibent·
844 1327 855 1334 ”

63 1395 174 1446 Scilicet
189 1403 220 1444 ut
237 1404 343 1444 teneros
360 1391 456 1444 laedunt
474 1388 534 1456 iuga
550 1391 630 1455 prima
647 1389 793 1456 iuvencos,

93 1467 238 1524 Fraenaque
252 1459 300 1510 vix
315 1461 412 1521 patitur
429 1461 460 1510 de
477 1474 554 1524 grege
574 1470 661 1521 captus
670 1476 747 1524 equus
764 1477 775 1508 .-

61 1523 762 1590 Siemalevixquesubitprimosrudepetiusamorem

95 1590 258 1646 Sarcina'ue
276 1592 331 1642 haec
347 1593 435 1644 animo
454 1608 510 1645 non
528 1592 598 1644 sedet
618 1603 675 1654 apta
692 1608 763 1646 meo.

63 1661 115 1712 Ars
128 1659 163 1709 iit
178 1607 242 1730 ,uli
258 1657 271 1708 i
287 1657 382 1709 teneris
396 1658 491 1711 crimen
507 1658 667 1712 condiscitur
680 1659 763 1712 annis.

95 1731 165 1792 Qrae
180 1727 253 1779 venit
271 1722 363 1777 exadlo
381 1735 499 1792 ternpore
516 1763 524 1790 ‚
544 1722 615 1789 peius
632 1737 709 1777 amat.

64 1795 107 1848 Tu
125 1803 201 1845 nova
219 1795 326 1846 servate
344 1795 426 1856 capies
442 1794 564 1844 libamina
582 1791 656 1843 famae
672 1811 685 1852 ,·

94 1864 126 1911 Et
145 1861 246 1923 pariter
263 1858 379 1911 rostrum
397 1858 442 1911 fiet
457 1871 565 1925 uterque
582 1873 689 1911 nocens.

63 1921 103 1979 Est
120 1926 240 1990 aliquid,
258 1927 343 1989 plenis
359 1929 476 1989 pomaria
494 1941 597 1988 carpere
612 1926 686 1978 ramis
702 1965 710 1991 ,

95 1997 129 2045 Er
146 1993 223 2045 tenui
240 1994 347 2057 primam
363 1994 474 2058 deligere
490 2009 575 2061 ungue
591 1993 687 2045 rosam.

62 2058 88 2110 Si
106 2068 197 2110 tamen
214 2058 258 2111 ille
275 2058 366 2124 prior,
383 2075 437 2125 quo
454 2075 494 2113 me
513 2059 565 2111 stne
581 2060 690 2112 erimine
706 2059 791 2128 gelli,

92 2123 206 2178 Candor
225 2126 257 2177 ab
274 2125 381 2177 insolita
397 2126 455 2178 labe
470 2130 600 2178 notandus
616 2139 687 2190 erat3

63 2191 99 2240 At
118 2190 187 2246 bene
208 2189 338 2262 successu,
354 2191 436 2256 digno
454 2196 524 2257 quod
542 2193 673 2244 adurimur
690 2193 762 2260 ignit

93 2257 172 2321 Peius
189 2258 317 2310 adulterio
335 2258 416 2321 turpis
433 2256 623 2310 adulterabell·

61 2319 89 2371 Si
106 2323 175 2374 mihi
192 2327 317 2379 concedar
333 2330 406 2393 Juno
424 2323 581 2389 fratremque
598 2324 735 2392 virumque
751 2341 760 2387 ;

13 2393 15 2404 ²
92 2392 273 2456 Hippolytum
289 2392 384 2444 videor
405 2390 577 2456 prepositura
592 2393 668 2458 Jovl.

63 2453 120 2520 Jam
141 2472 248 2522 quoque
275 2457 322 2510 vix
333 2457 542 2522 credaslignotas
557 2471 645 2510 mutor
664 2459 790 2511 inanest

93 2520 134 2574 Est
153 2523 216 2575 mihi
237 2538 282 2588 per
298 2523 377 2577 saevas
393 2526 501 2589 impetus
518 2523 557 2586 ire
574 2524 649 2576 feras.

64 2586 121 2653 Jam
137 2589 200 2639 milri
219 2593 301 2652 prima
317 2594 372 2643 Dea
390 2588 445 2653 est,
462 2606 523 2641 areu
542 2589 671 2655 praesignis
687 2593 791 2645 adunco
881 2639 884 2643 Α

95 2653 179 2705 Delia·
195 2652 319 2717 iudicium
339 2657 481 2720 subsequor
496 2656 551 2718 ipsa
568 2666 651 2707 tuum.
679 2700 681 2703 Α

63 2719 97 2770 lu
112 2734 201 2772 nemus
220 2722 261 2773 ire
279 2719 362 2786 libet,
379 2720 517 2787 pretiisque
536 2723 563 2773 in
582 2723 646 2773 retia
664 2724 758 2791 cervis,

92 2786 203 2839 Hortari
221 2789 318 2840 celeres
336 2804 381 2852 per
400 2787 458 2854 iuga
477 2786 573 2840 summa
590 2804 684 2841 canes:

65 2853 118 2902 Aut
132 2855 270 2906 tremulum
284 2853 396 2907 excurso
413 2853 524 2917 jaculum
541 2856 649 2909 vibrare
665 2859 764 2911 lacerto
777 2852 789 2895 ³¹

40 2983 44 2995 .
93 2922 145 2982 Aut
161 2918 189 2974 in
204 2920 334 2988 graminea
345 2931 445 2987 ponere
460 2936 552 2987 eorpus
569 2923 660 2976 humo.

63 2982 127 3051 Seue
143 2981 218 3052 iuvat
234 2989 337 3058 uersare
354 2988 425 3046 leves
441 2987 471 3044 in
487 2989 597 3056 pulvere
616 3007 727 3055 currus,
752 2993 761 3052 ξ

355 3097 357 3100 -
418 3078 421 3085 ·
687 3065 756 3115 tor·
