1975 3550
455 171 480 223 A
498 176 520 223 it
540 178 550 225 1
569 175 592 222 Α
608 173 632 223 D
649 176 675 223 N
692 174 711 225 E

261 238 343 300 Impia
361 238 422 302 quid
440 240 546 289 dubitas
562 237 691 299 Deianira
708 236 776 288 morl
793 240 805 288 ἓ

225 316 335 380 Jamque
349 305 418 367 vale,
429 305 568 367 seniorque
576 317 830 371 pater,germanaque
839 306 947 371 Gorge.

258 381 288 427 Et
304 372 391 433 patria
409 411 416 433 ,
434 376 457 422 u
473 373 561 434 patriae
578 370 659 422 frater
677 376 777 421 adeone
796 383 857 421 tuat·
937 390 940 393 ·

226 448 258 496 Et
275 453 304 489 tn
324 439 367 488 lux
386 438 468 489 oculis
483 437 609 489 hodierna
626 436 765 488 novisfima
782 437 901 499 nostris,

258 509 356 569 Virque
374 543 382 565 ,
399 504 453 569 {sed
472 519 489 553 o
509 502 621 567 polliri)
640 506 664 556 δι
680 520 742 566 puer
758 504 858 569 Hylle,
877 507 947 557 vale.

293 638 368 702 Epist·
395 641 429 689 X·
457 636 659 688 ARIADNE
687 636 878 688 THESEO.

225 710 360 828 Mitius
373 703 481 764 iuveni,
496 718 569 766 quam
585 714 621 757 te.
630 719 707 766 genus
720 715 799 751 omne
811 700 947 775 serarum:
979 698 982 763 i

327 771 432 820 Credita
445 783 501 817 non
518 769 563 819 ulli
581 784 678 833 ‚quarn
692 768 759 827 tibi,
775 781 847 829 perus
862 781 947 820 eram·
979 795 981 803 π

225 844 288 900 Quae
303 837 365 900 legis
375 875 382 895 ‚
394 852 430 886 ex
446 834 512 898 illo,
528 835 626 888 Theseu
644 876 651 887 .
667 834 715 884 tibi
730 834 823 884 littore
837 834 920 887 mitto
938 875 947 902 ,

259 905 334 954 Unde
348 915 419 953 tuam
434 900 487 950 stne
500 916 539 952 me
554 902 610 951 velat
625 902 706 952 tulere
718 912 810 950 ratem.

226 974 259 1021 ln
275 984 328 1031 quo
344 984 384 1018 me
401 966 553 1029 somnusque
565 978 635 1018 meus
648 967 715 1017 male
729 966 865 1030 prodidit,
885 970 946 1020 &tu

258 1035 305 1083 Per
319 1031 417 1084 facinus
430 1033 529 1082 somnis
547 1033 666 1084 infidiutt
679 1034 750 1082 meis.

226 1107 337 1162 Tempus
351 1112 405 1150 crat
419 1117 429 1160 3
448 1101 534 1149 vitrea
548 1115 601 1162 quo
616 1099 728 1161 primurn
742 1110 811 1150 terra
825 1098 921 1161 pruina

259 1167 389 1230 spugitur
407 1206 414 1223 ,
432 1167 456 1216 δι
468 1165 540 1215 teste
555 1165 648 1216 fronde
664 1177 808 1229 queruntur
822 1181 897 1215 aves.

226 1239 360 1288 Incertum
373 1232 483 1297 vigilans
498 1232 535 1295 ‚i
549 1231 645 1282 somno
659 1232 777 1298 languida
792 1270 801 1296 ,
814 1232 891 1282 movi

256 1299 358 1354 Thesea
371 1298 505 1363 prensuras
518 1297 667 1361 semisupina
681 1310 782 1350 manus·
980 1266 982 1331 i

226 1367 320 1420 Nullus
328 1378 398 1418 erat:
417 1365 944 1430 referoquemanus,iterumqueretentd
980 1372 981 1389 ³

259 1436 306 1483 Per
325 1449 355 1483 ue
368 1444 456 1486 torum
470 1447 568 1482 moveo
583 1432 686 1482 brachia
701 1449 708 1481 ι
725 1433 808 1482 nullus
827 1441 893 1481 erat·
980 1458 981 1465 κ

225 1504 263 1553 Ex
337 1510 457 1549 tentetur
472 1498 599 1549 somnum.
613 1498 758 1549 conterrita
773 1498 850 1563 surgo
866 1513 875 1548 :

259 1564 425 1629 Membraque
441 1564 499 1615 stant
512 1568 597 1615 viduo
613 1565 770 1627 precipitata
784 1577 857 1615 toro.

227 1631 349 1683 Protinus
361 1628 476 1682 adduciis
492 1628 638 1682 sonuerunt
652 1631 754 1694 pestora
768 1631 874 1694 palmis:

258 1704 344 1762 thue
359 1709 413 1748 erat
428 1700 442 1747 ὲ
458 1697 550 1747 somno
564 1698 665 1748 turbida
682 1738 688 1753 ,
707 1710 780 1760 rupta
794 1710 868 1748 conta
882 1692 920 1746 est
933 1728 944 1747 .

225 1770 298 1821 Luna
314 1764 363 1819 suit
379 1784 388 1813 .-
403 1762 490 1827 sperio
508 1763 547 1827 ‚si
562 1763 640 1828 quid,
655 1764 943 1826 nislittora,cernam.

256 1835 334 1896 Quod
351 1833 460 1882 videant
477 1832 565 1891 oculi,
581 1831 637 1893 ml,
652 1831 698 1882 nist
714 1833 803 1887 littus.
816 1831 923 1881 habent·
980 1873 981 1898 ἲ

224 1897 941 1963 Nunchuc‚nuncilluc‚&utroquesrneordlnecurroe

257 1962 320 2015 Alta
329 1964 453 2025 puellares
467 1966 555 2019 tradat
571 1980 646 2015 arena
658 1969 745 2028 pedes·

223 2036 329 2082 Interea
340 2041 404 2086 toto
419 2030 542 2082 clamanti
556 2031 650 2082 littore
665 2070 673 2094 ‚
687 2029 807 2094 Theseu,

258 2096 408 2148 Reddebant
424 2111 521 2149 nomen
537 2113 652 2149 concava
667 2098 728 2149 saxo
739 2110 831 2158 tuumr
907 2127 910 2132 -
980 2101 981 2110 ’

222 2170 255 2220 Et
270 2164 375 2228 quoties
386 2179 438 2228 -ego
455 2176 481 2214 te
497 2203 505 2226 ‚
519 2165 599 2216 toties
613 2165 685 2216 locus
699 2164 751 2229 ipse
765 2165 900 2217 vocabat·
980 2165 981 2186 ¹

255 2230 312 2293 lpse
327 2230 399 2283 locus
410 2230 508 2282 misera
524 2229 591 2283 serre
605 2231 713 2283 volebat
729 2246 821 2293 opem.

223 2300 303 2350 Mons
318 2297 386 2359 suiv,
402 2309 523 2359 apparent
538 2296 644 2349 frutices
660 2300 685 2349 in
698 2298 798 2349 vertice
812 2296 863 2349 rari
880 2311 889 2349 ε
980 2313 981 2328 ¹

254 2369 332 2415 Nunc
346 2364 462 2426 scopulus
478 2364 557 2415 raucis
569 2368 662 2426 pendet
677 2364 767 2415 adesus
781 2365 871 2428 aquis.

221 2432 344 2483 Ascendo
358 2449 366 2490 3
383 2432 452 2480 vires
466 2434 567 2480 animus
580 2431 676 2480 dabat:
692 2442 769 2494 atque
785 2433 821 2481 ita
835 2432 887 2482 late

256 2498 372 2559 AEquota
387 2494 522 2558 prospectu
537 2497 633 2546 metior
647 2496 698 2546 alta
710 2510 787 2547 meo.

221 2567 344 2627 Indeego
353 2563 361 2626 l
371 2560 635 2626 namventisquoque
649 2561 702 2612 sum
716 2560 860 2616 crudelibus
873 2562 938 2629 usa)

252 2630 313 2682 Vidi
329 2627 451 2692 precipiti
468 2627 570 2681 carbasa
586 2641 657 2679 tenta
671 2641 755 2685 noto.

222 2704 275 2750 Aut
285 2698 345 2747 vidi
361 2714 371 2745 τ
385 2708 429 2747 rut
439 2698 521 2749 etiam
537 2736 544 2759 ‚
559 2711 617 2748 cum
631 2712 672 2747 me
685 2698 782 2750 vidisse
793 2709 911 2763 putarem
925 2735 935 2767 ,
979 2750 981 2762 ,

252 2764 382 2827 Frigidior
395 2763 477 2827 glarie
494 2763 689 2828 semanimisque
705 2763 753 2818 sui.

220 2835 276 2882 Nec
289 2833 409 2894 languere
422 2830 467 2880 diu
483 2830 579 2893 patitur
593 2830 682 2882 dolor·
696 2832 798 2882 excitor
810 2826 858 2878 illo
874 2863 885 2893 ,

250 2897 359 2950 Excitor
372 2916 380 2957 3
401 2899 424 2946 dc
440 2896 535 2947 summa
548 2897 648 2950 Thesea
663 2913 730 2951 voce
743 2909 826 2945 voto.

179 2961 184 2972 ⁴
219 2961 933 3027 Quosugirrexclamo:scelerate‚revertere,Theseu.

248 3028 436 3087 §lesteratetur
451 3044 588 3086 numerum
605 3043 660 3082 nou
675 3028 754 3082 habet
768 3025 815 3081 illa
828 3027 915 3082 suum·

839 3102 906 3152 Hae
