1975 3550
44 235 164 296 Hecego.
175 232 249 294 quod
258 229 318 280 voci
334 229 439 289 deerat,
456 227 579 293 plangore
593 230 736 293 replebam·

70 299 181 350 verbera
201 311 259 346 cum
273 294 365 346 verbis
382 294 452 345 misia
471 295 543 344 fuere
559 298 630 350 meis.

43 366 66 418 Si
81 381 133 416 non
151 363 260 415 audires
278 399 285 423 ‚
303 373 332 413 ut
350 362 438 423 saltem
455 377 558 413 cernere
575 362 661 425 portes
681 399 690 426 ,

74 431 180 500 Jastatae
200 430 253 480 late
275 428 344 491 figna
361 430 577 478 dederematus.

46 496 209 561 Candidaque
228 494 338 557 imposui
353 494 440 563 longe
452 495 584 559 jvclamina
602 493 700 558 virge,

72 564 171 616 Scilicet
190 562 292 614 oblitos
308 560 473 612 admonitura
493 563 552 609 mei.

44 635 147 700 Jamque
165 629 252 680 oculis
269 639 369 689 ereptus
389 640 464 677 erast
483 638 537 676 tum
556 628 669 691 deniqne
688 625 764 676 flevi.

73 702 240 760 Torpuerant
260 694 351 746 molles
368 706 428 743 ante
446 694 539 743 dolore
554 709 633 758 genre.

47 763 109 825 Quid
118 761 426 825 potiusfacerent,quam
434 775 474 812 me
486 775 541 809 mea
550 762 644 812 lumina
654 761 764 823 flerent,

75 828 208 895 Postquam
228 826 351 879 dederim
367 827 427 876 vela
446 829 536 877 videre
556 834 627 880 tua?

49 894 96 946 Aut
114 912 166 960 ego
185 893 287 945 diffusss
303 894 388 945 erravi
405 892 460 943 sola
480 894 577 955 capillis
595 912 605 954 ‚>

75 965 159 1027 Quies
176 964 210 1013 ab
225 962 333 1025 Ogygio
349 961 453 1011 concita
472 962 570 1014 Baccha
586 966 643 1013 Deo
658 981 667 1015 r

50 1033 97 1079 Aut
113 1043 186 1079 mare
204 1028 366 1091 prospiciens
383 1027 410 1076 in
429 1027 492 1079 saxo
510 1027 605 1093 frigida
623 1031 696 1081 sedi:

75 1099 208 1163 Qiamque
226 1095 293 1157 lapis
310 1096 380 1144 sedes
398 1131 405 1153 ‚
425 1106 481 1143 ram
502 1095 568 1156 lapis
581 1097 632 1157 ipsa
651 1097 701 1148 fui.

52 1161 112 1223 Saepe
130 1173 223 1213 torum
239 1173 354 1223 repeto,
375 1159 418 1223 qui
437 1175 485 1210 nos
503 1175 636 1223 acceperat
653 1163 741 1214 ambos
758 1178 769 1225 ς

76 1230 120 1278 Sed
137 1243 195 1280 non
215 1238 337 1290 acceptos
353 1225 517 1279 exhibiturus
531 1241 597 1280 erat.

53 1295 83 1346 Et
98 1305 142 1345 tua
161 1333 170 1358 ‚
189 1310 245 1359 qua
262 1293 363 1355 possum
382 1332 389 1356 ‚
407 1308 455 1356 pro
474 1304 501 1343 te
518 1291 623 1359 vestigia
639 1305 721 1356 tango
739 1312 748 1356 ;

78 1361 214 1427 Strataque
232 1398 240 1421 ‚
257 1375 311 1426 quar
329 1361 448 1412 membris
462 1359 597 1421 intepuere
614 1361 675 1411 ruis.

52 1427 174 1477 Incumbo
191 1447 201 1489 ·,
221 1426 391 1493 lacrymisque
410 1438 474 1477 toro
491 1437 611 1477 manante
630 1423 743 1489 profusis
762 1461 770 1489 ‚

18 1502 19 1507 ’
80 1491 238 1555 mersimus,
256 1493 373 1547 exclamo
392 1532 400 1556 ,
419 1506 443 1545 te
461 1496 538 1545 duo:
560 1497 637 1544 redde
654 1497 737 1545 duos.

52 1559 168 1611 Venimus
187 1563 240 1612 huc
256 1561 355 1611 ambo.-
374 1577 418 1612 cut
433 1576 487 1612 non
506 1561 655 1611 discedimus
676 1559 773 1610 ambo?

81 1624 196 1689 Perfice,
214 1643 271 1690 pars
284 1625 383 1690 nostri,
400 1627 490 1679 ledlule
507 1665 515 1689 ‚
533 1625 624 1688 maior
638 1629 681 1678 ubi
708 1624 743 1676 est
760 1629 772 1675 ὲ

54 1691 116 1753 opici
136 1693 315 1758 faciamlquo
336 1693 390 1745 sola
407 1694 496 1747 ferar?
510 1707 584 1745 vaear
602 1695 681 1744 insula
692 1693 771 1743 cuitu.

81 1762 142 1809 Non
159 1760 300 1812 hominnm
318 1762 399 1813 video
419 1801 427 1825 ‚
442 1776 497 1812 non
516 1777 565 1827 ego
582 1759 649 1812 fasta
666 1761 754 1810 boum.

56 1824 135 1875 Omne
151 1827 220 1880 latus
238 1840 311 1879 terrac
325 1829 407 1895 cingit
424 1844 502 1884 marr.
523 1828 613 1879 navita
633 1827 771 1891 nusquam:

74 1892 160 1963 ‘Nulla
175 1910 223 1957 per
239 1894 366 1960 ambiguas
384 1899 473 1958 puppis
490 1896 559 1947 itura
575 1897 641 1944 vias.

56 1958 127 2019 tinge
143 1962 199 2011 dati
218 1962 446 2025 comitesquemihi
457 1961 774 2026 ,ventosquenatemqum

86 2023 152 2085 Quid
169 2028 259 2093 sequar
276 2032 288 2078 ἓ
304 2026 413 2081 accessus
432 2041 503 2080 terra
518 2041 624 2092 paterna
641 2039 725 2094 negat.

57 2089 91 2142 Ut
106 2103 160 2142 rate
178 2093 250 2147 felici
269 2106 357 2159 pacata
377 2111 422 2157 per
437 2112 542 2159 aequora
560 2096 658 2153 labam

85 2161 225 2223 Temperet
244 2174 274 2214 ut
293 2174 389 2213 ventos
407 2162 522 2223 AEolus3
539 2163 600 2213 exul
618 2177 675 2214 ero.

59 2222 119 2273 Non
135 2241 184 2289 ego
202 2238 251 2292 te,
270 2229 368 2292 Crete,
384 2240 487 2280 centum
506 2228 599 2293 digesta
617 2242 662 2289 per
678 2228 774 2290 urbes,

89 2289 244 2359 Aspiciam,
262 2311 342 2358 puero
360 2297 467 2360 cognita
484 2307 551 2347 terra
568 2295 643 2360 Jovi·

61 2354 124 2406 liam
141 2372 234 2424 pater,
255 2364 278 2412 tr
295 2362 372 2413 tellus'
386 2362 452 2423 julio
469 2372 573 2427 regnata
589 2356 711 2423 parenti,

91 2420 194 2479 Prodita
212 2427 271 2481 sunt
290 2427 359 2478 satio
378 2429 484 2480 nomina
503 2444 558 2479 care
576 2442 645 2478 meo·

62 2487 124 2541 Cum
141 2493 189 2546 tibi
208 2532 216 2557 ,
240 2510 273 2545 ne
289 2494 379 2545 victor
396 2494 465 2549 testo
483 2509 617 2546 morerere
636 2507 748 2546 recurvo
766 2531 777 2561 ,

93 2560 151 2619 Qiae
169 2571 286 2628 regerent
304 2560 386 2624 partus
407 2601 415 2624 ,
433 2578 481 2625 pro
499 2564 562 2612 duce
580 2561 621 2609 fila
638 2560 709 2609 dedi.

65 2619 127 2672 Cum
145 2630 206 2678 mihi
225 2629 349 2688 dicebas,
370 2630 416 2677 Per
433 2644 482 2693 ego
500 2629 553 2689 ipsa
570 2628 683 2688 pericula
701 2624 776 2687 juro,

88 2694 129 2763 ,Te
146 2693 207 2746 iore
225 2733 232 2754 ‚
249 2698 310 2745 dum
327 2692 445 2744 nostrum
461 2695 537 2744 vivet
552 2706 669 2757 uterque,
686 2705 777 2742 meam

65 2752 195 2810 Vivimus,-
204 2764 228 2812 dt
237 2775 291 2811 non
302 2760 356 2810 sum
366 2798 374 2822 ,
384 2761 483 2812 Theseu
494 2800 500 2810 .
511 2772 563 2811 tua·
574 2758 590 2808 st
601 2760 682 2809 modo
692 2761 778 2823 vivis,

94 2824 207 2878 lumina
222 2865 230 2890 ‚
247 2825 342 2890 perjuri
357 2826 445 2879 fraude
464 2827 559 2887 sepulta
576 2827 639 2876 viri.

67 2881 107 2936 Me
114 2904 278 2959 quoque‚qua
285 2892 549 2958 fratremmastailes,
559 2892 687 2957 improbe,
695 2891 779 2945 clava.

96 2955 161 3009 Esset
175 2997 183 3022 ‚
199 2976 274 3025 quam
289 2964 394 3011 dederas
410 2999 418 3025 ‚
437 2974 523 3012 morte
541 2961 624 3013 soluta
641 2960 712 3012 tides.

70 3017 139 3075 Nunc
147 3040 195 3096 ego
203 3039 448 3096 morantemque
457 3026 510 3082 sum
518 3028 779 3144 periuramecosrdgq

718 3111 729 3144 Ε
