1975 3550
259 219 283 271 1,
315 222 330 272 Ῑ
365 225 386 276 Β
416 225 440 275 E
466 225 488 277 R
539 230 565 280 1·
703 245 747 296 117

55 277 127 344 Szpe
142 292 209 349 nega
227 284 324 337 nostes·
342 288 434 351 eapitis
449 293 531 346 modo
548 289 616 360 tinge
630 294 749 351 dolorem
767 314 777 353 1

86 352 122 399 lit
134 352 220 401 modo
237 366 293 416 quae
310 353 397 407 causes
412 358 525 419 praebeat
540 396 552 423 ,
565 362 613 413 Isis
629 365 691 416 erit.

56 415 126 465 Mox
144 418 229 480 recipe
245 435 257 476 ,·
273 429 303 469 ut
319 419 420 472 nullum
436 425 552 486 patiendi
568 429 674 495 colligat
687 429 778 498 usum,

57 505 60 532 ;
87 483 166 533 Neve
181 484 336 536 relentescat
353 486 416 551 saepe
435 492 551 554 repulsus
567 510 652 548 amor.

54 546 138 599 Surda
155 548 188 600 stt
204 550 295 601 oranti
315 562 358 604 tua
375 554 455 614 ianua
470 596 477 616 ,
495 557 554 610 laxa
573 560 679 619 serenti.

54 657 57 662 .
84 615 185 666 Audiat
200 614 296 667 exclusr
315 619 395 672 verba
412 635 529 687 receptur
542 640 640 682 amant.

54 681 104 740 Et,
122 680 195 746 quast
212 682 271 734 lasa
285 684 574 759 ptiot,nonnunquam
590 696 776 754 irascerelrrso.

84 747 212 799 vanescat
230 749 303 812 eulpa
319 750 394 816 eulpa
413 758 520 818 repensa
535 770 589 814 tua.

8 779 13 850 1
52 812 102 863 Stel
118 827 250 877 nunquam
266 818 367 869 dederis
383 819 640 892 spatiosum-tempus
654 827 681 883 in
701 830 778 895 iram.⁸

83 883 157 943 Saepe
177 878 315 935 simultates
331 882 369 937 ita
383 899 485 940 morata
501 889 576 943 satit.

53 944 124 1009 Quin
143 947 224 998 etiam
239 948 338 1001 discant
357 955 426 1005 oculi
443 956 586 1022 lacrymare
603 961 685 1016 coasti
703 983 715 1017 .·

9 1001 10 1017 ¹
83 1011 115 1064 Et
133 1010 230 1065 fatiant
246 1016 308 1066 udas
325 1014 372 1069 illa
387 1019 432 1072 vel
449 1021 495 1073 illa
515 1040 601 1089 genas.
731 1095 733 1100 Ι

53 1079 110 1130 Nec
126 1115 135 1141 ‚
153 1077 172 1128 si
193 1095 269 1143 quem
288 1081 362 1135 falles
381 1122 390 1149 ,
407 1099 434 1138 tu
452 1089 585 1153 periurare
602 1092 708 1152 timeto.

85 1146 246 1197 Commodat
266 1148 345 1199 illustr
359 1154 469 1205 nomina
485 1156 561 1210 surda
578 1165 675 1214 Venus.

52 1211 147 1262 Servus
163 1214 188 1263 dr
204 1213 235 1263 ad
253 1225 338 1276 partes
353 1215 443 1269 sollers
458 1221 551 1275 ancilla
567 1239 718 1299 patenturg

83 1278 137 1339 Qui
154 1279 269 1340 doceant
286 1317 295 1342 ‚
312 1292 371 1344 apte
390 1283 452 1349 quid
469 1287 518 1337 tibi
536 1288 613 1352 possit
629 1292 690 1343 emi.

51 1346 84 1397 Et
101 1341 149 1394 fibi
166 1358 243 1405 paura
261 1357 375 1411 rogentt
392 1351 489 1403 multos
507 1352 526 1403 st
543 1358 772 1428 procumbunt,

84 1406 226 1462 Postmodo
243 1412 276 1463 de
291 1412 382 1476 stipula
395 1419 498 1481 grandis
516 1435 622 1473 acervus
638 1425 698 1477 erit·

51 1478 85 1529 Et
92 1474 200 1528 soror&
208 1488 305 1543 mater,
321 1481 413 1533 nutrix
422 1498 620 1551 quoquecarpat
634 1499 774 1565 amantem<

9 1539 10 1594 l
82 1541 124 1597 fit
144 1543 199 1593 cito
217 1557 263 1608 per
279 1546 372 1598 multas
388 1552 473 1611 praeda
488 1552 570 1616 petita
582 1569 682 1610 manua.

50 1607 121 1665 eum
136 1619 163 1661 te
181 1608 304 1663 deficient
322 1614 448 1675 poscendi
467 1632 574 1675 munera
593 1623 689 1693 causat,

81 1676 203 1727 Natalem
219 1676 276 1728 libo
293 1677 429 1732 testificare
443 1694 526 1737 tuum·

48 1741 212 1803 meseconis
229 1755 296 1796 amet
312 1746 385 1799 nullo
400 1749 485 1803 rivale
501 1789 510 1817 ,
526 1762 635 1808 caveto.

81 1812 148 1860 Non
168 1807 254 1873 bene,
274 1811 292 1860 sr
310 1812 386 1867 tollas
402 1816 512 1884 praelia,
528 1820 705 1880 duretamor·

46 1873 100 1928 ille
114 1874 169 1926 viri
186 1885 249 1928 toto
268 1878 359 1931 videat
374 1881 480 1950 vestigia
495 1885 583 1937 letior

80 1940 207 2007 rasitque
225 1943 329 1998 lascivis
345 1945 428 2002 livida
443 1951 513 2004 tolla
530 1954 611 2007 uotis.

48 2010 163 2060 Munera
180 2008 306 2072 precipue
320 2010 410 2069 videat
425 2051 437 2082 ,
451 2032 507 2084 quae
523 2019 621 2074 miserit
637 2024 714 2079 alter.

80 2073 109 2125 Si
127 2071 177 2123 tibi
193 2075 233 2126 nil
249 2078 368 2143 dederit,
385 2082 462 2134 saera
476 2090 591 2151 roganda
607 2089 652 2143 via
668 2093 715 2145 est.

47 2140 118 2194 cum
127 2138 344 2196 multaabstrtlerlr
353 2161 360 2195 t
369 2157 398 2197 ut
407 2163 462 2200 non
471 2160 557 2211 tamen
571 2156 767 2225 omnitdonet3

79 2207 159 2269 Quod
174 2221 304 2274 nunquam
319 2213 425 2277 reddas,
440 2221 588 2271 commodet
602 2222 680 2286 usque
694 2240 767 2289 roga.

45 2270 148 2339 Lingua
158 2267 768 2355 iuvet,mentemquetegatblandiremoreque·
856 2320 857 2325 =

78 2340 164 2401 Impia
179 2338 225 2390 sub
242 2343 312 2395 dulei
327 2344 403 2396 mele
423 2359 523 2401 vertent
541 2350 635 2403 latent.

43 2409 111 2459 Hac
132 2402 149 2454 sa
168 2405 312 2467 prestiteris
327 2448 336 2474 ‚
353 2411 398 2463 usu
417 2411 481 2465 mihi
497 2419 603 2483 cognita
617 2419 731 2488 longo,·

77 2474 135 2522 Nec
150 2471 262 2526 tulerint
280 2492 360 2530 vocer
376 2484 509 2534 ventur&
527 2499 587 2537 aura
602 2501 673 2539 mear
689 2509 698 2552 3

44 2541 118 2600 Saepe
135 2537 199 2589 mihi
216 2541 286 2594 dices
301 2545 370 2596 viva:
389 2544 455 2599 bene
470 2566 481 2597 .-
498 2550 562 2614 satpe
574 2555 700 2621 rogabis,

76 2607 117 2657 Ut
132 2616 189 2655 mea
206 2606 332 2660 defonslat
351 2613 466 2665 molliter
484 2616 541 2669 ossa
559 2617 662 2669 cubent.

42 2671 107 2722 Vox
124 2680 180 2721 erat
196 2669 225 2720 itt
240 2673 395 2735 eursu,eum
406 2693 446 2729 me
462 2694 516 2731 mea
533 2683 651 2746 prodidit
666 2688 767 2759 umbro
849 2701 853 2711 “

36 2784 40 2793 ,
75 2736 114 2788 At
130 2731 225 2785 nostra
242 2738 290 2788 vix
310 2741 335 2790 se
352 2745 506 2797 continuere
523 2763 635 2816 manue,
747 2752 750 2762 '

42 2799 208 2864 Qrinalbam
214 2814 349 2870 raramque
356 2823 473 2874 tomam,
489 2811 685 2886 lacrymosaque
697 2823 765 2882 vitto

75 2868 212 2931 Lumina,
230 2873 334 2936 rugosas
350 2874 575 2947 distraherentque
590 2900 679 2951 genas.

44 2930 444 3007 Dltibideotnudosquelares‚
460 2945 614 3017 inopemque
621 2954 746 3015 senellam
752 2975 764 3028 3

73 3002 107 3055 Et
121 2997 215 3075 longae
230 3003 333 3067 hiemes
348 3047 357 3078 ‚
370 3022 569 3084 perpetuamque
587 3017 666 3077 sitim.

672 3156 740 3213 alo·
764 3158 767 3164 ’
